3434 5500
151 430 265 496 Iussu
281 432 429 496 Securo.
476 430 719 498 PRINCIPIA
742 429 1115 512 MATHEMATICA.
1377 438 1437 496 129

149 599 244 664 simul
256 611 459 676 moveantur3
473 611 567 691 etque
580 599 642 664 hoc
655 599 728 664 ideb
743 601 816 686 quia
829 600 938 665 similis
954 614 986 664 et
1000 599 1128 686 aequatjs
1142 611 1190 664 est
1201 600 1343 700 omnium
1351 621 1438 684 pres·

148 707 207 785 sio,
229 717 262 770 et
278 719 382 770 motus
396 707 497 771 omnis
512 707 657 771 exclusus
673 709 869 793 supponitur,
893 708 953 772 nisi
968 709 1021 793 qui
1036 709 1228 792 opressione
1242 706 1294 770 illt
1310 708 1436 772 oriatur.

148 817 250 902 Atqui
267 837 334 881 non
351 828 482 900 possunt
495 815 602 880 omnes
615 816 657 880 ad
671 829 812 880 centrum
834 818 964 908 propius
987 817 1145 896 accedere,
1170 819 1231 882 nisi
1245 818 1376 880 fluidum
1398 818 1437 881 ad

147 935 291 986 centrum
305 922 530 999 condensetur3
552 936 661 987 contra
674 923 873 1009 hypothesin.
919 924 993 988 Non
1007 939 1138 1008 possunt
1146 924 1270 1012 longius
1286 925 1325 988 ab
1342 947 1438 990 eore-

147 1032 269 1109 cedere,
285 1033 346 1095 nisi
359 1032 491 1096 fluidum
504 1032 545 1096 ad
559 1031 838 1096 circumferentiam
853 1031 1077 1109 condensetur3
1105 1035 1198 1098 etiam
1213 1033 1437 1118 contrabypo-

148 1137 260 1203 thesin.
305 1139 382 1203 Non
401 1152 533 1222 possunt
553 1139 672 1204 servati
697 1139 753 1202 sui
774 1163 794 1202 a
815 1150 923 1203 centro
947 1139 1091 1204 distanti&
1114 1141 1234 1204 moveri
1255 1140 1288 1203 in
1310 1140 1436 1227 plagam

147 1267 376 1332 quamcunque,
403 1248 476 1333 quia
497 1250 567 1333 pari
591 1251 711 1314 ratione
734 1251 946 1315 movebuntur
968 1251 1001 1314 in
1023 1250 1149 1340 plagam
1171 1253 1377 1326 contrariam
1404 1254 1437 1313 in

146 1357 255 1444 plagas
268 1369 375 1421 eutem
389 1359 559 1433 contrarias
573 1381 638 1423 non
652 1372 755 1444 potest
767 1380 842 1444 pars
856 1359 977 1436 eadem,
1001 1351 1112 1424 eodem
1134 1373 1284 1446 tempore,
1307 1361 1436 1424 moveri.

147 1463 236 1550 Ergo
249 1464 341 1526 fluidi
353 1485 425 1549 pars
437 1465 526 1528 nulla
538 1465 580 1530 de
588 1466 658 1530 loco
673 1489 731 1531 sno
744 1465 929 1530 movebitur.
975 1466 1017 1541 Q.
1034 1489 1061 1531 e.
1077 1466 1106 1531 d.

191 1573 262 1636 cas.
278 1580 311 1637 2.
335 1570 419 1635 Dico
428 1574 506 1654 jam,
524 1572 608 1658 qubd
622 1572 712 1636 fluidi
725 1572 818 1657 hujus
837 1593 912 1655 par·
1142 1632 1146 1644 ,
1193 1619 1223 1677 Α

147 1691 194 1743 tes
218 1697 328 1742 omues
351 1677 513 1761 sphaericae
537 1677 699 1764 oequuliter
727 1690 913 1761 premuntur

146 1782 297 1869 undique.
354 1783 403 1848 Sit
431 1784 514 1848 enim
544 1785 573 1847 E
601 1784 628 1848 F
656 1805 729 1869 pars
761 1783 915 1868 sphaerica

146 1889 245 1967 fluidi,
283 1902 316 1954 et
344 1889 373 1953 si
399 1890 470 1954 haec
498 1890 637 1978 undique
665 1913 731 1955 non
759 1892 913 1975 premitur

145 1999 319 2083 equaliter,
348 2011 499 2086 augeatur
523 2001 645 2084 pressio
668 1999 781 2077 minor,
811 2021 911 2084 usque

147 2106 224 2168 dum
244 2107 314 2190 ipsa
334 2107 474 2193 undique
495 2118 656 2191 prematur
677 2106 857 2193 aequsliter3
883 2120 915 2174 et

145 2225 252 2297 partes
274 2214 352 2298 ejus,
374 2234 432 2296 per
449 2213 567 2278 Casum
579 2214 726 2296 primum,
750 2235 914 2297 permane-
1142 2279 1153 2309 ,q
1257 2280 1269 2304 .-
1379 2276 1389 2302 .·

145 2321 227 2385 bunt
240 2321 275 2384 iu
288 2318 367 2384 loeis
385 2321 458 2384 suis.
504 2321 568 2385 Sed
590 2333 662 2386 unte
683 2334 806 2386 sumum
824 2343 914 2408 pres·
961 2335 991 2392 Β
1101 2306 1118 2358 ²⁸

147 2429 630 2513 sionempermunebantinlocis
641 2431 714 2507 suis,
724 2451 781 2514 per
793 2429 910 2494 Cusum
1317 2409 1328 2430 ³

69 2563 74 2572 ·
147 2537 286 2600 eundem
312 2537 458 2620 primum,
493 2549 526 2601 et
554 2537 713 2600 additione
741 2538 911 2621 pressionis

146 2665 239 2706 novoe
257 2643 467 2707 movebuntur
481 2641 521 2705 de
535 2643 611 2705 locis
626 2643 698 2719 suis,
715 2663 771 2726 per
786 2641 908 2705 Defini-

146 2753 265 2816 tionem
283 2749 396 2813 Fluidi.
441 2749 524 2825 Quae
539 2749 604 2812 duo
618 2760 803 2834 repugnant
850 2747 939 2835 Ergo
952 2743 1031 2809 fulsb
1046 2744 1208 2812 dicebatur
1219 2750 1305 2836 qubd
1318 2753 1443 2836 sphoera

148 2862 179 2925 E
195 2861 223 2925 F
238 2883 302 2923 non
317 2860 456 2946 undique
469 2858 669 2943 premebatur
683 2859 854 2945 aequuliter.
902 2859 944 2935 Q.
957 2881 984 2923 e.
1000 2859 1031 2921 d.

193 2970 263 3033 Cas.
280 2976 310 3031 3.
355 2967 438 3030 Dico
451 2978 604 3052 praeterea
617 2965 704 3051 qubd
717 2965 911 3031 diversarum
925 2966 1062 3051 partium
1078 2964 1301 3049 sphaericarum
1313 2969 1443 3052 sequalis

147 3074 190 3139 sit
201 3073 333 3159 pressio.
379 3072 462 3136 Num
475 3084 579 3156 partes
593 3063 755 3156 sphericoe
770 3072 926 3159 'contiguae
942 3094 975 3135 se
989 3085 1100 3165 mutuo
1114 3086 1263 3154 premunt
1280 3076 1443 3159 aequaliter

146 3185 310 3272 inpuncto
318 3182 927 3271 wnmctuepermotbslaegemtertiam.
952 3180 1016 3245 Sed
1025 3179 1442 3263 et,perCasumsecundum‚

147 3295 289 3381 undique
311 3307 497 3379 premuntur
522 3293 632 3358 eudem
653 3293 694 3358 vi.
740 3293 849 3357 Partes
865 3291 960 3377 igitur
975 3288 1046 3352 duae
1062 3288 1178 3373 quaevis
1194 3288 1358 3372 sphaericae
1378 3313 1443 3354 non

148 3403 317 3489 contiguae,
334 3402 373 3486 (⁸)
385 3402 457 3487 quia
470 3422 544 3485 pars
559 3399 711 3483 sphoerica
719 3397 905 3463 intermedia
920 3410 1048 3483 tangere
1061 3405 1166 3479 potest
1181 3406 1355 3481 utramque,
1371 3419 1444 3481 pre-

148 3520 278 3573 mentur
293 3506 403 3571 eidem
416 3508 458 3571 vi.
503 3506 546 3582 Q.
561 3529 589 3570 e.
604 3506 636 3569 d.

195 3619 265 3681 Cos.
282 3624 313 3678 4.
358 3615 442 3679 Dico
451 3616 518 3699 jam
533 3613 618 3700 quod
632 3610 721 3677 fluidi
734 3625 840 3698 partes
855 3632 964 3674 omnes
979 3610 1096 3695 ubique
1108 3608 1296 3694 premuntur
1317 3610 1444 3695 aequoii-
1473 3656 1478 3705 l
1536 3616 1539 3623 '

149 3744 208 3789 ter.
241 3724 325 3788 Nam
336 3735 439 3807 partes
453 3723 526 3787 duoe
539 3722 656 3808 quaevis
671 3724 758 3809 tangi
772 3734 905 3805 possunt
918 3744 936 3783 u
950 3719 1092 3804 partibus
1105 3718 1266 3803 sphaericis
1277 3720 1309 3782 in
1320 3722 1445 3803 punctis

150 3833 399 3918 quibuscunque,
414 3844 447 3896 et
460 3832 504 3895 ibi
517 3844 621 3915 partes
635 3831 704 3916 illus
720 3832 887 3915 sphaericas
903 3830 1063 3915 aequaliter
1078 3840 1237 3912 premunt,
1254 3851 1311 3913 per
1328 3831 1446 3894 Casum

150 3940 280 4003 tertium
294 3952 325 4006 et
334 3937 467 4003 vicissim
478 3939 518 4002 eb
530 3938 591 4003 illis
605 3938 765 4023 aequuliter
773 3948 968 4022 premuntur,
984 3958 1041 4020 per
1056 3934 1160 3999 motris
1177 3934 1296 4021 Legem
1312 3938 1445 4000 tertiam.

152 4041 316 4220 ngugb.
362 4151 445 4215 Crim
467 4153 561 4238 igitur
581 4150 670 4213 fluidi
691 4171 764 4234 pars
779 4150 924 4235 quaelibet
941 4148 974 4211 G
990 4148 1027 4211 H
1043 4148 1058 4211 I
1075 4147 1108 4209 in
1123 4147 1221 4209 fluido
1236 4146 1357 4232 reliquo
1379 4160 1448 4210 tan·

154 4283 250 4346 quam
259 4260 295 4322 in
309 4280 382 4322 vase
396 4258 568 4334 claudatur,
584 4266 616 4319 et
629 4257 765 4342 undique
780 4269 939 4339 prematur
954 4250 1124 4339 aequaliter,
1140 4265 1248 4335 partes
1264 4264 1367 4317 autem
1382 4254 1447 4335 ejus

158 4391 193 4434 se
206 4366 322 4432 mutub
334 4365 494 4453 aequaliter
506 4375 650 4449 premant
672 4375 703 4427 et
724 4364 883 4448 quiescant
904 4363 985 4424 inter
999 4381 1049 4437 se3
1071 4360 1269 4424 manifestum
1296 4371 1341 4424 est
1362 4358 1448 4444 qubd

190 4566 226 4635 (ι)
239 4570 254 4598 ι
266 4568 392 4630 Quem„
400 4566 509 4629 ,pharim
514 4564 647 4615 intermedia
655 4571 794 4625 tongerepe.
825 4562 882 4609 alias
887 4560 1090 4622 partusphaericas
1096 4560 1121 4607 in
1127 4561 1220 4621 punctis
1226 4558 1345 4607 contactus
1350 4570 1447 4620 promen
1564 4599 1568 4613 .

162 4641 206 4691 tert
215 4642 351 4697 utramque.
387 4630 517 4690 Nmpe·
529 4625 571 4676 illu
585 4626 722 4675 intermedia
736 4626 795 4674 duas
826 4634 896 4689 atque
906 4626 935 4674 ab
946 4622 992 4672 illis
1002 4635 1120 4688 premetur
1131 4624 1255 4687 acqualiter,
1268 4625 1308 4685 (ex
1318 4623 1395 4685 dem.)

189 4711 252 4765 vor..
267 4716 306 4762 11.
450 4765 451 4768 Ἴ
798 4709 811 4755 Ι
