3434 5500
163 387 275 500 naa
290 435 456 514 asenna]
515 431 752 498 Parnes-pn
778 429 1147 496 unuuaunnca
1406 438 1447 496 ιε

157 632 218 695 ρετ
240 609 356 672 lineam
381 606 519 693 quamvis
534 585 639 670 datam
654 605 685 668 A
702 605 740 681 C,
767 603 874 689 elapso
895 626 950 667 au·

158 731 226 782 tem
250 729 391 801 ternpore
413 716 518 802 aliquo
542 725 598 799 per
620 715 735 778 lineam
756 713 950 778 indefinitam
981 759 986 762 -

159 825 198 892 D
225 827 270 890 C:
308 827 423 911 exponi
451 835 554 910 potest
593 835 716 908 tempus
748 845 805 909 per
845 845 950 886 aream

158 936 233 1000 AB
249 937 282 1001 G
296 937 340 1013 D,
360 947 392 999 et
406 936 538 1020 spatium
554 956 591 997 eo
606 947 749 1016 tempore
760 931 950 1015 descriptum

155 1064 218 1128 per
228 1044 342 1108 lineam
358 1044 441 1109 AD.
473 1041 507 1127 (f)
519 1043 601 1106 Nam
617 1043 642 1105 si
657 1063 729 1105 area
743 1041 801 1104 illa·
810 1064 868 1127 per
881 1063 948 1105 mo-

155 1166 228 1218 tum
241 1157 350 1239 puncti
359 1154 392 1218 D
408 1165 556 1241 augeatur
567 1151 761 1215 unifonniter
770 1152 810 1216 ad
819 1152 948 1216 modum

155 1263 319 1347 temporis,
335 1261 492 1325 decrescet
505 1271 589 1324 recta
603 1261 638 1325 D
655 1261 682 1322 C
697 1261 730 1323 in
744 1261 865 1324 ratione
872 1284 948 1348 geo-
1009 1306 1046 1360 A
1225 1310 1254 1361 D
1283 1271 1287 1276 ’

154 1368 288 1434 metricis
303 1369 345 1432 ad
366 1369 495 1432 medum
520 1367 699 1443 velocitatis,
726 1380 757 1431 et
780 1369 819 1452 (θ)
843 1381 948 1452 partes

153 1485 253 1538 rectae
271 1473 302 1536 A
319 1473 347 1535 C
368 1471 539 1557 aequalibus
555 1469 747 1553 temporibus
756 1470 921 1554 descriptae
935 1470 1117 1539 decrescent
1130 1476 1163 1540 in
1177 1474 1289 1541 eidem
1308 1476 1440 1540 ratione.

1387 1310 1414 1366 0

438 1687 719 1754 PROPOSITIO
742 1687 806 1752 ΙΙΙ.
852 1689 1114 1757 PROBLEMA
1136 1693 1163 1757 1.

154 1859 309 1942 Corporis,
322 1858 380 1934 sui,
392 1857 459 1919 dum
475 1858 508 1918 in
527 1856 624 1917 medio
638 1856 769 1917 similari
782 1855 867 1918 rectd
875 1862 1008 1923 ascendit
1019 1831 1065 1923 iel
1073 1865 1230 1938 descendit,
1241 1863 1390 1927 resistitur
1404 1865 1439 1926 in

195 1969 317 2030 ratione
325 1964 497 2040 uelocitatis,
509 1965 641 2045 quodque
649 1962 688 2024 ab
697 1963 999 2047 unffmanigrauitate
1007 1976 1137 2050 urgetur,
1145 1965 1269 2032 dcinire
1277 1980 1394 2034 motum.

198 2137 605 2224 Corporeascendente,ex-

145 2257 290 2330 ponatur
311 2246 445 2332 gravitas
467 2266 525 2328 per
549 2242 606 2304 da-

146 2367 220 2418 tum
236 2354 366 2440 quodvis
387 2351 602 2438 rectangulum

148 2461 181 2524 B
199 2461 230 2524 A
252 2460 281 2524 C
305 2461 351 2536 H,
377 2470 409 2523 et
430 2457 603 2522 resistentia

144 2567 248 2632 medii
269 2568 360 2631 initio
381 2588 525 2630 ascensus
545 2587 603 2648 pes

143 2676 367 2765 rectangulum
398 2675 482 2740 BA
511 2675 545 2738 D
572 2674 602 2738 E

144 2797 310 2869 sumptum
350 2785 391 2860 ad
431 2784 600 2847 contrarias
631 2809 635 2813 ·
664 2801 692 2857 Ε

141 2905 253 2980 partes
262 2904 357 2957 rectae
369 2893 445 2957 AB.
463 2893 599 2977 Asymp·
630 2943 661 2997 G
672 2867 778 2973 ·

142 3000 418 3087 toareeanguus
431 3001 502 3075 nc,
515 3000 597 3078 CH,
663 2955 774 3109 Ι

143 3118 374 3194 perpunctum
397 3109 426 3172 B
452 3108 609 3173 describa-
647 3116 676 3169 D
757 3124 783 3184 cl
923 3124 961 3181 A
1099 3124 1120 3177 Ι
1227 3124 1235 3137 ’

177 3304 210 3369 (5)
227 3307 241 3335 '⁸
260 3308 421 3354 Numsinrea
438 3310 476 3355 s'lla
489 3324 531 3369 per·
547 3313 729 3371 motumymucti
745 3314 772 3359 D
806 3312 907 3361 AM
924 3314 1027 3361 K=u
1040 3315 1084 3363 K:
1098 3315 1123 3362 K
1137 3316 1358 3364 D=cuzcla
1379 3316 1430 3365 De·

138 3368 192 3415 siue
203 3367 314 3415 ordinate
327 3368 351 3413 D
366 3370 388 3415 G
401 3380 512 3431 augeatur
522 3374 667 3435 unfformuer
681 3372 713 3422 ud
722 3392 769 3423 mo·
803 3386 910 3425 crescunt
925 3393 982 3440 ergo
997 3388 1073 3438 panes
1083 3389 1152 3425 recta
1165 3381 1188 3426 A
1203 3380 1257 3428 Cin
1268 3379 1357 3427 ratione
1367 3381 1430 3427 relo-

139 3435 202 3479 dum
217 3435 329 3493 tempests,
347 3434 498 3495 exhibeatque
509 3435 605 3494 proinde
615 3446 714 3497 tempure,
731 3442 770 3485 de·
800 3440 884 3489 citatis.
921 3440 1049 3503 Exponcnt
1066 3442 1138 3505 igbur
1158 3453 1227 3490 recte
1250 3445 1273 3489 A
1294 3443 1325 3501 E,
1350 3442 1373 3489 Ε
1393 3442 1429 3499 K,

139 3504 225 3543 crescet
236 3504 299 3543 recta
310 3498 337 3543 D
350 3500 374 3552 C,
386 3500 412 3544 ia
422 3501 509 3545 ratione
522 3500 655 3559 geometrici
670 3504 736 3563 (380.
1354 3545 1357 3551 ,

139 3558 198 3605 Lib.
214 3558 250 3617 Ι.)
261 3562 293 3605 ad
303 3562 396 3607 stadam
407 3563 532 3618 uelocdutis,
542 3571 565 3609 et
572 3561 626 3609 ided
634 3564 741 3611 velocita-

138 3631 190 3669 tem
198 3622 282 3682 poterit
290 3636 404 3681 exponen
411 3626 463 3685 (per
473 3626 525 3671 Cas.
535 3630 554 3671 1.
566 3625 650 3686 Dem.)
658 3629 742 3689 etquis

138 3694 207 3733 recta
217 3686 242 3732 A
256 3686 277 3733 C
288 3686 384 3745 exponit
394 3687 537 3735 velocitatem
548 3688 598 3749 ipso
609 3690 686 3745 metius
697 3692 741 3737 ini·

137 3750 180 3804 tio,
194 3759 217 3795 et
231 3750 256 3795 D
269 3750 297 3803 C,
315 3749 459 3797 velocitatem
467 3752 582 3812 residuam
593 3746 671 3813 elapso
681 3763 741 3801 tert·

138 3828 199 3872 pore
212 3815 234 3859 A
247 3812 270 3859 Β
283 3814 307 3861 G
320 3813 346 3859 D
365 3814 408 3859 erit
420 3816 444 3860 A
456 3815 482 3861 D
492 3824 520 3861 ut
529 3816 638 3863 velocitas
648 3818 739 3874 amissa,

138 3886 211 3937 atque
221 3874 274 3923 ided
289 3885 316 3922 ut
329 3876 430 3935 spatium
446 3877 586 3938 descriptum
603 3889 655 3943 (per
667 3881 737 3941 Prsp.

139 3940 161 3987 1.
176 3939 267 4004 hujus).
305 3940 369 3995 Quia
378 3938 433 3988 vead
442 3941 630 3989 'coincidentibus
648 3946 741 4005 punctis

140 4004 168 4051 D
179 4012 205 4050 et
217 4004 246 4060 C,
258 4018 311 4051 area
323 4004 346 4051 A
356 4005 378 4051 B
390 4005 414 4051 G
427 4005 452 4051 D
462 4004 554 4051 infinita
564 4006 647 4063 evadit,
664 4008 740 4055 mani-

136 4068 229 4114 festum
242 4076 278 4113 est
293 4076 398 4127 tempore
414 4067 508 4115 infinito
529 4068 622 4117 finium
640 4072 741 4131 spatium

139 4132 164 4177 A
179 4129 318 4179 Cdescribi.

172 4193 208 4259 (⁸)
227 4197 240 4224 ⁶
261 4197 293 4243 Et
307 4205 387 4256 partes
402 4206 468 4245 recte
483 4199 538 4247 Ae
550 4202 675 4279 aswaldus
684 4210 740 4249 tem·

136 4260 232 4320 poribus
248 4260 364 4319 descrism
379 4264 540 4310 decrescentia
551 4268 630 4311 eadem
645 4266 739 4321 rutinae,

65 4376 68 4379 Ι
138 4324 182 4368 ἅτ.
221 4322 284 4367 Nam
295 4322 314 4367 si
325 4336 379 4370 area
396 4326 420 4370 A
433 4325 490 4372 BG
503 4325 619 4376 Deductis
630 4328 741 4379 ordinatis
902 4315 940 4369 Α
1013 4316 1042 4368 Ε
1106 4314 1140 4367 K
1181 4316 1216 4369 Ἰ)
1371 4315 1397 4373 0

141 4386 163 4433 F
181 4384 214 4441 E,
236 4384 259 4431 L
280 4385 310 4447 K¹
323 4386 349 4431 in
367 4396 444 4447 partes
463 4388 562 4449 aequales
587 4391 609 4437 A
628 4391 650 4438 B
671 4391 691 4437 Ε
708 4392 739 4453 Ε,

140 4450 165 4495 Ε
179 4448 236 4495 FL
250 4448 283 4503 K,
304 4448 329 4495 K
350 4448 370 4495 L
388 4452 412 4497 G
425 4452 451 4498 D
466 4450 539 4499 divisa
557 4451 594 4510 sit,
612 4465 680 4501 erunt
698 4454 768 4505 lineae
802 4453 828 4501 K
848 4454 882 4511 D,
905 4454 958 4511 dre,
983 4454 1058 4513 epatis
1077 4454 1221 4514 temporibus
1248 4455 1275 4502 A
1298 4456 1321 4502 B
1348 4454 1369 4501 F
1393 4454 1425 4514 E,

140 4512 331 4567 eraclae
350 4512 383 4569 K,
405 4514 465 4562 c.1>
488 4515 559 4576 inps
636 4516 689 4564 ione
712 4533 768 4583 geo·
802 4515 1238 4577 EFLK‚KLGD,desc1ipta‚
1258 4526 1282 4565 et
1299 4527 1427 4567 cataracta

137 4574 239 4623 metrici
252 4573 395 4623 decrescente
406 4581 472 4638 (580.
488 4578 539 4625 Lib.
555 4582 574 4625 1.
605 4581 649 4627 hoc
660 4591 695 4628 est
708 4584 727 4631 C
741 4582 765 4627 A
800 4583 822 4627 A
838 4581 863 4628 D
881 4581 982 4642 spatium
998 4590 1048 4629 toto
1058 4591 1162 4641 tempore
1180 4582 1202 4628 A
1217 4583 1238 4629 B
1253 4583 1276 4629 G
1289 4582 1314 4628 D
1325 4581 1426 4645 descrip.

138 4657 146 4689 ¹.
164 4638 339 4687 CE=CE:
353 4640 530 4690 cK=cK=
542 4644 765 4703 cD,esdividendo
798 4654 855 4692 tum.
1261 4676 1291 4729 ο
