3434 5500
199 393 261 450 142
518 365 857 444 PHILOSOPHIAE
874 313 1144 436 NATURALlS
1198 368 1308 448 [Mor.
1325 335 1477 432 Couron.

197 616 269 676 rum
297 592 514 656 distantiarum
544 587 568 650 S
591 586 630 661 A,
657 584 681 648 S
702 581 742 659 B,
767 581 845 656 SC,
875 578 933 641 &a
959 577 1119 661 reciproca
1144 583 1270 662 (nempe
1295 538 1479 725 ἓξὲξ

540 775 562 855 ’)
588 780 750 837 sumantur
773 770 808 831 in
832 764 1050 852 progressione
1074 763 1283 839 arithmetice3
1313 762 1480 830 densitates

199 822 540 854 .....,-.-.

221 845 245 909 S
260 842 290 905 B
420 841 444 904 S
460 839 488 902 C

171 983 173 986 ·
200 951 231 1014 A
247 864 340 1025 H,(l3
355 949 383 1023 I,
407 945 436 1011 C
454 945 496 1022 K,
503 860 576 1008 q&c
599 953 692 1008 erunt
704 940 739 1003 in
752 936 970 1024 progressione
991 933 1189 1022 geometrice.
1236 933 1279 998 Et
1299 933 1326 997 si
1346 934 1481 1020 gravitas

198 1055 389 1119 diminuatur
409 1052 443 1115 in
457 1048 637 1138 quadrupli·

199 1159 267 1226 cate
278 1159 401 1224 ratione
411 1156 640 1231 distantiarum,

200 1280 232 1332 et
253 1267 405 1333 cuborum
426 1264 645 1329 distantiarum

199 1412 361 1498 reciproca
383 1415 473 1495 (puta
486 1372 642 1538 {iffi}
695 1401 717 1451 Β

201 1581 521 1697 ἕΜΒὲΗ.
566 1619 615 1682 aa
692 1539 718 1582 n

203 1683 344 1748 SBcub.
380 1681 522 1747 SCcub.
570 1706 576 1716 ·

197 1898 417 1976 arithmetice3
474 1900 645 1966 densitates

199 2006 472 2084 AH,BI,CK,
487 2007 648 2072 &cerunt

199 2115 234 2176 in
248 2113 467 2200 progressione
476 2115 645 2200 geometri·
716 2126 733 2170 S

201 2217 248 2282 ce.
293 2219 336 2282 Et
357 2219 400 2282 sic
421 2220 455 2282 in
476 2219 643 2286 infinitum.

173 2322 175 2345 ⁵
203 2323 327 2388 Rursus
349 2325 377 2388 si
396 2325 531 2412 gravitas
551 2329 773 2411 particularum
793 2329 883 2394 fluidi
907 2329 942 2393 in
959 2323 1107 2393 'omnibus
1129 2327 1282 2392 distantiis
1303 2327 1412 2393 eadem
1435 2329 1483 2406 sit,

202 2446 234 2497 et
248 2433 403 2498 distantiae
417 2436 480 2501 sint
494 2436 527 2499 in
540 2440 758 2526 progressione
773 2435 969 2503 arithmetice
987 2437 1155 2502 densitates
1177 2448 1270 2500 erunt
1290 2437 1323 2499 in
1337 2417 1485 2524 progres-

202 2539 289 2605 sione
303 2542 502 2628 geometrice,
514 2543 560 2606 uti
568 2545 615 2606 vir
626 2545 726 2608 claris.
738 2545 924 2610 Edmundus
934 2544 1085 2608 ·Halleius
1100 2543 1226 2608 invenit.
1259 2545 1293 2609 Si
1303 2545 1437 2630 gravitas
1447 2543 1486 2606 sit

202 2660 238 2711 ut
261 2644 416 2724 distantia,
443 2660 474 2711 et
495 2649 646 2732 quadrata
668 2651 884 2715 distantiarum
906 2652 967 2715 sint
989 2652 1021 2714 in
1043 2652 1260 2738 progressione
1281 2651 1484 2729 arithmetice,

203 2753 370 2818 densitates
392 2766 484 2817 erunt
498 2755 532 2817 in
545 2758 764 2843 progressione
784 2758 983 2845 geometrice.
1026 2758 1072 2825 Et
1086 2760 1130 2823 sic
1144 2761 1177 2823 in
1192 2759 1358 2825 infinitum.
1403 2760 1486 2825 Haec

201 2863 245 2923 ita
260 2882 293 2923 se
307 2858 424 2923 habent
437 2860 493 2922 ubi
506 2860 595 2924 fluidi
615 2865 846 2947 compressione
868 2866 1049 2929 condensati
1070 2866 1206 2931 densitas
1221 2878 1269 2931 est
1282 2879 1319 2931 ut
1332 2868 1377 2931 vis
1402 2890 1486 2931 com·
1551 2936 1553 2939 ,

201 2967 380 3053 pressionis‚
406 2967 466 3045 vel,
494 2969 579 3054 quod
598 2972 729 3055 perinde
744 2986 799 3050 est,
824 2973 959 3057 spatium
973 2972 1102 3037 alluido
1122 2988 1308 3058 occupatum
1328 2972 1485 3057 reciproce

202 3090 237 3140 ut
250 3075 320 3141 haeo
334 3078 390 3141 vis.
437 3078 530 3166 Fingi
543 3094 675 3164 possunt
689 3082 759 3145 aliae
773 3082 1023 3146 condensationis
1038 3081 1134 3169 leges,
1156 3094 1192 3145 ut
1213 3080 1299 3166 qued
1321 3082 1419 3146 cubus
1440 3081 1486 3145 vis

203 3184 436 3267 comprimentis
457 3186 497 3249 sit
517 3197 554 3249 ut
574 3188 927 3275 quadrato-quadratum
952 3188 1122 3264 densitatis,
1154 3210 1209 3250 seu
1234 3186 1388 3270 triplicata
1409 3188 1486 3250 ratio

203 3290 248 3353 vis
263 3290 372 3355 eadem
387 3313 459 3356 cum
473 3292 707 3377 quadruplicata
722 3295 840 3359 ratione
854 3294 1024 3358 densitatis.
1070 3294 1144 3369 Quo
1158 3292 1191 3355 in
1206 3315 1289 3370 casu,
1313 3294 1339 3357 si
1352 3294 1486 3380 gravitas

204 3413 251 3463 est
264 3398 422 3485 reciproce
437 3414 473 3465 ut
486 3402 671 3488 quadratum
693 3403 846 3467 distantiae
861 3426 880 3465 a
895 3414 1011 3479 centro,
1037 3402 1171 3465 densitas
1193 3401 1252 3465 erit
1273 3396 1438 3485 reciproce
1453 3413 1487 3465 ut

204 3508 301 3570 cubus
316 3506 481 3571 distantiae.
526 3508 678 3595 Fingatur
692 3510 778 3594 qued
793 3510 891 3573 cubus
905 3509 952 3571 vis
967 3508 1197 3592 comprimentis
1214 3508 1254 3572 sit
1267 3518 1303 3571 ut
1321 3508 1486 3593 quadrato-

204 3612 302 3695 cubus
316 3610 486 3688 densitatis,
503 3623 534 3675 et
548 3614 575 3675 si
588 3614 724 3701 gravitas
739 3626 786 3678 est
800 3614 960 3699 reciproce
972 3627 1007 3679 ut
1020 3612 1207 3701 quadratum
1221 3612 1386 3691 distantiae,
1410 3632 1487 3678 oeu-

175 3794 177 3798 ¹
205 3720 277 3781 sitas
292 3720 350 3781 erit
364 3719 522 3803 reciproce
536 3720 570 3783 in
585 3721 802 3807 sesquiplicate
817 3722 936 3785 ratione
951 3720 1114 3785 distantiae.
1161 3720 1313 3811 Fingatur
1334 3719 1420 3806 qued
1440 3720 1485 3782 vis
1565 3794 1577 3815 .

205 3827 413 3910 comprimens
435 3828 529 3891 sitin
550 3828 705 3913 duplicate
727 3830 847 3894 ratione
873 3828 1043 3905 densitatis,
1071 3840 1102 3892 et
1118 3828 1253 3915 gravitas
1272 3825 1430 3911 reciproce
1452 3826 1487 3889 in
1517 3872 1522 3879 ·

205 3937 324 3999 ratione
340 3937 496 4021 duplicate
511 3938 674 4015 distantiae,
691 3951 722 4003 et
737 3940 874 4003 densitas
889 3939 948 4003 erit
963 3936 1121 4021 reciproce
1136 3948 1171 3999 ut
1186 3936 1340 3999 distantia.
1376 3936 1413 4020 (ὓ)
1426 3933 1487 3999 Ca-

206 4063 259 4104 sus
273 4062 382 4104 omnes
395 4064 578 4125 percurrere
593 4043 723 4129 longum
738 4055 828 4108 esset.
874 4040 1031 4107 Caeterrim
1053 4064 1112 4127 per
1133 4042 1346 4125 experimenta
1367 4051 1487 4103 constat

206 4145 291 4233 qued
312 4146 445 4210 densitas
459 4148 539 4211 aetis
554 4149 594 4212 sit
607 4161 642 4212 ut
656 4151 702 4213 vis
717 4142 924 4235 comprimens
947 4148 997 4213 vel
1013 4148 1169 4229 'accurate
1194 4148 1243 4211 vel
1264 4147 1373 4211 saltem
1394 4146 1487 4234 quem
1558 4194 1561 4199 -

204 4252 365 4334 proxime:
388 4266 420 4318 et
433 4266 598 4338 propterea
619 4256 755 4321 densitas
777 4258 856 4322 a'e'ris
871 4258 904 4319 in
919 4256 1125 4341 atmosphaere
1136 4250 1245 4323 Terrae
1260 4267 1350 4319 estut
1364 4256 1486 4341 pondus

111 4364 119 4385 ‘
206 4360 285 4423 a‘e‘ris
299 4360 394 4424 totius
408 4360 623 4439 incumbentis,
639 4364 743 4441 idest,
759 4375 795 4428 ut
808 4364 939 4429 altitudo
953 4363 1098 4428 mercurii
1112 4363 1145 4426 in
1159 4362 1347 4427 barometro.

238 4526 273 4591 (¹)
292 4534 345 4576 178.
361 4533 375 4561 '
395 4532 466 4579 sasas
487 4546 565 4578 omnes
583 4547 720 4593 percernere
737 4536 833 4594 magam
864 4546 893 4578 ex
904 4530 951 4593 que
962 4530 1046 4595 singuli
1063 4545 1129 4578 casus
1144 4544 1187 4591 pro
1202 4530 1278 4578 lubitu
1290 4539 1407 4577 eruantur.
1443 4528 1487 4576 Iis·

205 4600 274 4649 eam,
293 4593 365 4640 satius
381 4593 424 4641 erit
440 4593 573 4657 generalem
590 4594 717 4644 formulam
735 4598 832 4653 tradere,
865 4595 918 4642 dem
927 4594 1004 4657 igitur,
1014 4610 1066 4659 quae
1075 4610 1150 4656 supra,
1163 4594 1249 4654 positis,
1260 4594 1289 4642 sit
1297 4594 1405 4641 distantia
1415 4594 1487 4640 varla-
