3434 5500
172 426 287 490 Lmen
304 425 469 505 Securo]
507 425 749 516 PRINCIPIA
773 427 1144 527 MATHEMATICA.

170 594 289 658 vertice
304 594 342 670 C,
365 616 425 658 exe
442 595 470 658 C
484 595 563 660 Aet
577 595 672 660 latere
686 609 771 660 recto
788 597 863 668 CA
876 598 1077 684 descriptum,
1102 615 1134 667 et
1155 582 1290 668 solidum
1302 608 1459 690 posterius

171 713 220 764 est
234 699 393 784 cylindrus
406 700 600 784 peraboloidi
615 701 874 787 circumscriptus,
891 707 936 788 (†)
952 718 984 770 et
998 720 1107 773 uotum
1121 722 1169 772 est
1182 709 1268 794 quod
1281 712 1458 794 parabolois

178 807 218 869 sit
247 805 380 869 semissis
409 806 542 891 cylindri
570 808 805 895 circumscripti.
861 813 949 900 Ergo
976 815 1022 878 vis
1050 828 1116 880 tota
1144 818 1238 882 medii
1267 820 1300 882 in
1328 820 1457 907 globum

169 927 220 979 est
239 914 335 999 duplo
356 916 460 979 minor
480 939 574 1003 quum
595 919 733 1003 ejusdem
754 920 801 984 vis
822 932 888 986 tota
908 922 942 986 in
963 924 1147 1008 cylindrum.
1192 927 1235 991 Et
1248 941 1414 1011 propterea
1428 931 1454 993 si

168 1021 330 1107 particulae
344 1023 439 1088 medii
454 1024 656 1110 quiescerent,
679 1037 711 1090 et
725 1026 883 1112 cylindrus
897 1051 933 1092 ec
947 1030 1059 1116 globus
1080 1032 1193 1116 aequali
1206 1054 1278 1096 cum
1291 1034 1453 1100 velocitate

168 1139 378 1205 moverentur,
400 1127 481 1194 foret
494 1129 668 1196 resistentia
680 1130 767 1219 globi
781 1131 881 1217 duplo
895 1135 998 1204 minor
1012 1135 1105 1222 quim
1119 1138 1294 1202 resistentia
1309 1140 1454 1225 cylindri·

176 1235 219 1311 Q.
235 1257 263 1298 e.
278 1234 310 1298 d.

734 1498 888 1564 scholium.

214 1678 253 1762 (A)
271 1674 392 1744 Eidem
405 1674 555 1744 methodo
569 1675 679 1764 figurae
700 1674 763 1740 illee
784 1677 865 1742 iuter
879 1699 911 1740 se
926 1649 1255 1763 quoedresistentiam
1277 1682 1451 1765 comparari

170 1797 309 1870 possunt,
336 1808 444 1872 eaeque
464 1785 595 1850 inveniri
609 1809 680 1873 quae
695 1785 736 1850 ed
749 1797 853 1850 motus
868 1808 939 1850 suos
953 1786 988 1849 in
1001 1787 1110 1850 mediis
1125 1788 1335 1853 resistentibus
1350 1790 1450 1852 conti-
1497 1875 1501 1883 ι

169 1957 234 2004 ..C
252 1955 308 2012 E2,
327 1950 426 2017 idedque
444 1954 471 2001 K
489 1954 585 2010 ΟΧΕ
604 1953 711 2001 H=C
729 1952 793 2011 E²3
825 1967 884 2015 quos
902 1953 1089 2002 describit'recta
1107 1955 1177 2010 PM,
1196 1956 1298 2012 horest,
1315 1963 1450 2003 utrumme

170 2019 239 2066 sedsi
250 2033 278 2065 ex
289 2030 377 2079 puncto
390 2019 416 2065 H
427 2017 551 2067 duceretur
560 2015 590 2064 ad
606 2018 627 2064 C
643 2019 671 2074 A,
690 2016 795 2064 ordinate
825 2017 933 2064 omnium
946 2018 967 2065 C
979 2018 1008 2074 P,
1025 2017 1055 2065 ed
1066 2034 1182 2066 summam
1198 2019 1304 2066 omnium
1317 2021 1337 2068 C
1350 2022 1381 2066 A.
1417 2021 1448 2068 lu
1495 2050 1498 2052 v

168 2081 370 2142 perpenditulerie,
390 2075 440 2128 h'oec
450 2091 509 2128 esset
523 2081 616 2143 aequalis
629 2079 694 2142 CQE,
714 2088 738 2128 et
753 2083 794 2128 ab·
825 2079 888 2127 linei
900 2083 923 2127 A
936 2081 962 2127 N
991 2082 1095 2141 cupiatur
1107 2084 1129 2128 A
1144 2083 1168 2129 R
1179 2082 1273 2143 equalis
1285 2084 1309 2129 A
1322 2083 1348 2138 C,
1362 2084 1449 2146 junga-

169 2145 285 2192 scinderet
294 2161 309 2192 a
321 2146 342 2193 C
355 2147 386 2201 A,
398 2156 486 2219 partem
497 2144 692 2222 aqualemERH.
714 2141 794 2218 Quare
824 2152 864 2190 tur
876 2145 897 2192 C
911 2145 1024 2192 Rsecans
1037 2146 1058 2192 P
1070 2146 1097 2192 Η
1108 2146 1133 2191 in
1146 2146 1175 2200 L,
1191 2146 1326 2222 eterigatur
1336 2146 1366 2193 ad
1379 2148 1402 2193 A
1416 2148 1447 2204 Β,

169 2207 794 2335 muruutrsmmtlulluff
824 2207 1448 2331 mmmmm

169 2336 337 2395 pendicularis3
349 2337 412 2384 unde
422 2337 522 2383 curvaC
532 2336 558 2382 H
567 2336 598 2390 N,
612 2339 664 2397 (per
672 2335 756 2384 tneor.
769 2334 790 2380 1.
824 2336 932 2382 omnium
945 2336 965 2383 C
978 2335 1007 2390 P,
1026 2351 1068 2382 seu
1085 2335 1148 2388 PL,
1165 2351 1207 2394 per
1217 2345 1289 2382 totam
1300 2337 1448 2384 altitudinem

169 2398 198 2447 de
208 2400 300 2460 parab.)
311 2409 346 2446 est
355 2401 463 2460 parabole
471 2401 538 2463 cujus
546 2408 621 2446 vertex
632 2399 660 2456 C,
670 2398 720 2446 axis
730 2398 750 2446 C
759 2398 792 2454 A,
826 2399 848 2445 C
862 2400 894 2453 A,
905 2407 940 2444 est
950 2398 1093 2460 triangulum
1103 2399 1197 2445 isoscele
1208 2400 1230 2445 C
1242 2400 1266 2446 Β
1279 2401 1310 2454 A,
1322 2409 1345 2447 et
1356 2415 1448 2447 summe

169 2471 194 2510 et
203 2464 264 2510 latus
275 2473 364 2510 rectum
378 2466 397 2512 C
412 2465 442 2512 A.
824 2461 930 2518 omnium
942 2462 1003 2514 CA,
1014 2477 1056 2508 seu
1068 2462 1090 2508 P
1100 2462 1129 2516 V,
1140 2476 1182 2522 per
1191 2461 1288 2508 eandem
1298 2462 1447 2510 altitudinem

202 2527 240 2590 (†)
255 2530 269 2558 ⁴
282 2529 316 2576 m
327 2537 409 2576 notum
419 2530 526 2589 estquod,
537 2527 579 2572 &c
827 2525 892 2581 CA,
910 2535 944 2572 est
962 2524 1100 2586 rpradretum
1121 2526 1142 2573 C
1160 2525 1182 2570 A
1201 2526 1225 2572 R
1243 2525 1281 2581 Q3
1303 2540 1358 2571 cum
1374 2525 1447 2586 igitur

202 2597 256 2640 191.
275 2593 380 2638 Lemma.
416 2591 549 2637 Parabolois
559 2604 599 2636 seu
608 2587 708 2654 solidum
718 2603 746 2635 ex
753 2603 791 2635 ro·
822 2587 993 2651 triangulumC
1001 2589 1024 2635 Β
1031 2589 1063 2641 A,
1069 2588 1203 2635 sitsemissis
1209 2588 1314 2651 quadrati
1322 2589 1342 2636 C
1349 2591 1372 2636 A
1380 2589 1405 2636 Β
1411 2590 1444 2645 Q,

170 2653 256 2702 tatione
266 2654 412 2715 parabolaeC
427 2655 452 2701 H
465 2654 498 2711 N,
509 2652 569 2700 circii
578 2667 645 2699 exem
659 2653 678 2698 C
690 2653 712 2698 A
724 2653 791 2714 geni·
822 2653 951 2713 pembolois
971 2661 1007 2700 est
1026 2651 1096 2700 etiam
1116 2651 1215 2699 semissis
1232 2651 1331 2713 cylindri
1346 2652 1451 2700 circum·-

170 2726 221 2765 tum
231 2726 267 2765 est
277 2718 375 2765 semissis
386 2717 484 2780 cylindri
494 2715 666 2775 circumscripti,
682 2716 722 2777 qui
738 2730 792 2777 pro·
823 2715 909 2777 scripti,
945 2717 978 2772 Q,
990 2731 1011 2763 e.
1025 2716 1048 2763 d
1125 2721 1131 2744 ‘
1334 2761 1345 2775 ,,
1397 2732 1401 2739 ·

170 2781 263 2829 ducitur
277 2797 308 2829 ex
323 2784 437 2829 rotatione
447 2782 574 2843 rectanguli
588 2784 612 2827 A
625 2780 650 2827 K
661 2776 721 2826 circi
732 2780 792 2827 letus
856 2780 891 2846 (⁸)
910 2783 964 2830 192.
989 2778 1081 2829 Eidem
1097 2783 1205 2836 methodo,
1220 2780 1263 2828 &c
1299 2780 1406 2828 solidum
1415 2796 1444 2828 er

171 2846 191 2892 C
205 2848 236 2893 A.
262 2845 309 2892 Per
318 2856 431 2905 punctum
441 2845 528 2895 mobile
540 2845 569 2899 P,
581 2843 791 2905 erigaturaderem
822 2845 936 2892 rotatione
950 2859 1027 2891 curre
1042 2844 1144 2907 cujusvis
1161 2844 1187 2891 K
1199 2845 1221 2892 Β
1235 2845 1266 2898 A,
1286 2842 1347 2892 Areu
1356 2854 1443 2892 rectam

172 2906 192 2955 C
205 2911 228 2956 A
239 2908 349 2956 normalis
362 2910 383 2956 P
394 2910 432 2967 M,
443 2908 575 2969 parabolam
590 2922 668 2953 secans
679 2907 704 2952 in
716 2906 751 2958 H,
768 2915 793 2957 et
825 2909 848 2955 A
862 2909 875 2957 1
886 2908 999 2969 positione
1009 2908 1087 2956 datam
1097 2908 1203 2972 genitum
1209 2908 1236 2955 iu
1243 2906 1445 2957 medioresistente

170 2980 257 3020 rectem
269 2972 295 3019 K
308 2974 332 3020 N
341 2973 366 3019 in
378 2974 422 3031 M,
439 2982 463 3020 et
472 2973 497 3019 iu
507 2972 620 3019 rotatione
629 2970 712 3031 figures
722 2970 793 3017 totius

170 3036 230 3083 eires
247 3050 313 3083 exem
335 3038 357 3084 C
370 3036 402 3093 A,
418 3037 486 3083 lineae
499 3036 520 3083 P
531 3036 559 3081 H
576 3045 600 3081 et
617 3034 639 3087 E
650 3034 679 3080 M
695 3033 794 3081 circulos

170 3099 306 3155 describent,
318 3099 359 3163 qui
370 3110 439 3147 erunt
448 3100 509 3147 inter
517 3114 543 3146 se
554 3107 580 3145 ut
591 3098 708 3145 radiorum
721 3097 742 3143 P
754 3097 790 3154 H,
853 3091 880 3140 (l

172 3162 187 3210 I
207 3165 235 3210 M
247 3164 364 3225 quadrata,
384 3178 425 3211 seu
441 3166 481 3226 (ex
491 3162 573 3210 netum
583 3160 708 3221 parabole)
725 3168 749 3207 et
764 3162 794 3209 ob

171 3227 282 3274 PM:
296 3227 364 3281 AN,
381 3225 678 3281 utabscisseeCP,CA.
714 3224 797 3271 Duce-

171 3300 209 3339 tur
221 3292 273 3353 jam
288 3301 402 3353 punctum
415 3291 502 3338 Pcum
517 3288 619 3337 verticeli
638 3287 698 3336 PH
711 3288 740 3335 M
756 3302 798 3348 per

824 3934 1081 3984 moreetursecundbm
1098 3934 1246 3983 directionem
1264 3933 1358 3982 rectaeI
1372 3934 1403 3991 A,
1419 3942 1444 3981 et

824 4009 928 4061 oporteat
937 4000 1086 4047 resistentiam
1096 4014 1167 4062 quam
1177 3998 1264 4058 patitur
1274 3999 1378 4045 contem
1388 4012 1444 4045 cum

823 4062 952 4111 resistendi
969 4062 1069 4125 cylindri
1084 4061 1213 4109 eoeundbm
1228 4061 1327 4108 eandem
1337 4061 1442 4108 directio-

823 4140 878 4173 nem
889 4127 946 4173 moti
956 4136 980 4173 et
990 4126 1056 4195 epjus
1065 4126 1125 4173 basis
1135 4136 1169 4172 est
1184 4124 1285 4171 circulus
1300 4126 1366 4172 radio
1384 4124 1408 4169 K
1422 4124 1442 4171 C
1476 4151 1479 4157 ·

824 4189 855 4237 ed
867 4191 890 4241 A
904 4190 1031 4237 Cnonnali
1042 4189 1177 4247 descriptus.
1212 4188 1334 4235 Diametro
1351 4187 1398 4235 CI
1413 4186 1444 4243 ad

824 4254 944 4300 arbitrium
965 4252 1081 4312 mumpti
1108 4249 1249 4299 describatur
1274 4250 1445 4297 semi-circulus

826 4317 847 4364 C
861 4318 877 4364 S
890 4316 910 4368 1,
922 4326 1004 4378 agetur
1013 4332 1054 4375 per
1064 4314 1203 4390 punctum}
1215 4316 1300 4361 chorda
1311 4314 1325 4361 1
1335 4315 1359 4370 S,
1369 4312 1445 4387 paral·

169 4432 399 4502 totumeltitudine·
411 4450 431 4499 C
444 4450 477 4507 A,
493 4457 518 4497 et
527 4446 628 4496 solidum
639 4462 668 4494 ex
678 4446 793 4495 rotatione
824 4380 1391 4503 yffippecyrfiarrgmenfiszufflffiqyovgts
1403 4377 1445 4499 dei·

168 4518 250 4581 figurae
269 4517 329 4565 CH
342 4516 367 4562 N
386 4513 493 4577 genitum
511 4512 554 4559 erit
569 4511 599 4559 ad
617 4512 748 4571 cylindrum
763 4526 793 4557 ex
827 4508 915 4555 Srecta
927 4507 982 4553 ΒΗ
994 4506 1101 4566 parellele
1114 4507 1134 4553 C
1147 4505 1180 4561 K,
1199 4507 1273 4551 ambe
1283 4511 1446 4550 concurrentes

168 4580 280 4656 rotatione
290 4578 419 4655 rectanguli
432 4578 452 4625 C
462 4576 488 4623 K
495 4576 520 4623 N
531 4578 554 4623 A
566 4585 652 4650 ortum,
663 4585 690 4622 ut
700 4590 791 4622 summe
823 4572 849 4617 in
863 4572 898 4624 H,
919 4570 1036 4663 sitquefl
1045 4570 1072 4616 H
1085 4570 1109 4617 E
1120 4584 1190 4677 cyrus
1197 4582 1266 4629 quam
1285 4566 1444 4678 pynfflmGIiI
1513 4641 1515 4645 Ι

166 4638 790 4764 Βὲῗῗωῗὲἱῗῖῗὶᾟῗἓξῗῗωᾝίᾞῗῑὲυῗῖωᾞ
823 4639 1379 4755 madrariam,
1392 4662 1447 4741 ,221

780 4782 832 4832 NA
