3434 5500
136 386 275 452 habri
287 385 457 464 beoban]
489 382 731 452 PRINCIPIA
755 387 1125 456 MATHEMA'I'ICA.
1390 400 1453 456 229

155 559 255 622 citata
271 557 446 644 cylindrus,
461 567 602 643 tempore
617 559 759 637 cadendi,
776 560 986 646 quadruplum
1001 562 1205 648 longitudinis
1215 584 1280 625 suae
1289 563 1453 628 describet.

158 665 358 730 Resistentia
380 675 484 728 autem
507 664 647 751 cylindri,
671 664 728 730 haic
748 665 908 730 velocitate
929 665 1098 732 secundnm
1117 668 1345 755 longitudinem
1367 693 1454 733 suam

154 771 404 858 progredientis,
422 770 531 834 eadem
545 783 592 835 est
606 793 677 834 cum
692 773 865 836 resistentib
880 774 994 837 circelli
1010 780 1079 858 (per
1090 775 1222 839 Lemma
1235 775 1306 856 IV.)
1321 777 1454 861 ideoque

157 876 294 964 aequalis
310 891 359 943 est
373 881 403 942 vi
419 877 480 964 qut
494 891 596 942 motus
620 881 695 964 ejus,
720 880 915 944 intereadum
932 881 1141 966 quadruplum
1161 883 1366 969 longitudinis
1389 905 1454 946 suae

156 985 322 1061 describit,
341 983 376 1070 (f)
392 986 535 1071 generari
548 998 652 1070 potest
668 986 914 1073 quamproxime.

205 1096 242 1160 Si
256 1091 429 1182 longitudo
441 1081 574 1180 cylindri
594 1107 745 1182 augeatur
765 1097 816 1160 vel
836 1098 1004 1174 minuatur,
1026 1108 1129 1160 motus
1144 1098 1260 1186 ejusqut
1275 1110 1307 1160 et
1321 1110 1453 1183 tempus,

158 1225 223 1289 quo
238 1201 455 1287 quadruplum
469 1202 674 1288 longitudinis
690 1226 755 1266 suae
769 1203 927 1282 describit,
945 1209 984 1288 (Ε)
999 1204 1165 1290 augebitur
1179 1204 1229 1266 rel
1242 1204 1400 1268 minuetur
1421 1206 1455 1266 in
1557 1267 1560 1274 ,

159 1309 276 1375 eadem
291 1310 423 1387 ratione,
439 1308 572 1395 ideoque
587 1310 632 1374 vis
647 1298 709 1387 illa,
726 1309 787 1396 quai
802 1324 906 1374 motus
918 1322 1030 1374 auctus
1044 1309 1095 1374 vel
1108 1310 1289 1386 diminutus,
1312 1322 1454 1394 tempore

160 1419 281 1503 pariter
303 1427 398 1480 aucto
411 1417 461 1480 vel
475 1417 637 1494 diminuto,
662 1418 806 1504 generari
826 1417 876 1481 vel
897 1417 966 1480 tolli
986 1417 1095 1500 possit,
1120 1431 1185 1478 non
1206 1415 1393 1490 mutabitur3
1418 1437 1455 1479 ac

161 1524 297 1612 proinde
320 1526 491 1590 etiamnum
512 1526 640 1611 aequalis
656 1537 703 1589 est
721 1527 904 1590 resistentia
923 1525 1069 1610 cylindri,
1093 1546 1167 1588 nam
1187 1524 1308 1588 ethaeo
1330 1546 1455 1609 quoque
1486 1573 1490 1581 ,

160 1635 328 1698 immutata
343 1643 449 1696 manet
462 1653 519 1716 per
533 1633 665 1696 Lemma
680 1633 745 1697 lv..

206 1739 246 1826 (¹¹)
263 1741 300 1806 Si
316 1739 454 1804 densitas
470 1739 601 1825 cylindri
621 1753 772 1828 augeatnr
786 1739 836 1803 vel
850 1740 1018 1817 minuatur,
1041 1750 1144 1801 motus
1158 1739 1224 1822 ejus
1237 1749 1273 1800 ut
1287 1752 1318 1802 et
1332 1738 1379 1800 vis
1394 1737 1455 1822 qud

162 1861 266 1912 motus
290 1846 405 1910 eodem
427 1859 567 1931 tempore
582 1849 726 1934 generari
740 1847 789 1910 vel
803 1847 872 1910 tolli
883 1858 998 1930 potest,
1021 1845 1055 1908 in
1070 1843 1179 1909 eidem
1192 1845 1313 1906 ratione
1328 1844 1456 1929 augebi-

162 1970 214 2021 tur
224 1958 275 2022 vel
289 1942 461 2019 minuetur.
496 1956 685 2020 Resistentia
699 1957 803 2042 itaque
818 1956 952 2042 cylindri
966 1958 1176 2045 cujuscunque
1191 1956 1251 2018 erit
1264 1954 1305 2017 ad
1319 1956 1382 2017 vim
1393 1953 1455 2038 qua

163 2076 247 2129 totus
263 2067 331 2153 ejus
346 2071 462 2140 motus,
484 2064 678 2128 intereadum
700 2063 911 2150 quadruplum
932 2058 1134 2149 longitudinis
1149 2085 1214 2124 suae
1229 2060 1384 2136 describit,
1408 2059 1457 2122 vel

164 2173 311 2259 generari
325 2172 428 2256 possit
441 2171 490 2236 vel
512 2172 589 2250 tolli,
616 2183 651 2236 nt
672 2173 808 2238 densitas
829 2173 926 2236 medii
939 2171 981 2236 ad
995 2172 1179 2236 densitatem
1194 2170 1327 2257 cylindri
1348 2191 1458 2254 quam-

162 2275 320 2362 proxime.
368 2277 411 2353 Q.
428 2301 455 2340 e.
471 2277 502 2342 d.

208 2383 361 2448 Fluiduln
384 2396 488 2447 autem
510 2385 673 2470 comprimi
694 2386 787 2450 debet
800 2399 836 2450 ut
850 2389 891 2452 sit
904 2386 1096 2463 continuum,
1124 2385 1157 2468 (¹)
1173 2362 1361 2449 'continuum
1382 2381 1458 2446 verb

162 2503 231 2558 esse
246 2493 343 2556 debet
353 2503 389 2556 et
403 2511 467 2556 non
483 2492 652 2572 clasticum,
676 2507 711 2558 ut
731 2496 851 2580 pressio
866 2497 977 2573 omnis,
1002 2518 1072 2581 quae
1086 2494 1127 2558 ab
1142 2497 1208 2580 ejus
1224 2492 1456 2579 compressione

162 2589 273 2678 oritur,
295 2614 490 2688 propagetur
504 2604 538 2666 in
551 2605 688 2682 instanti,
700 2589 743 2668 ¹et
757 2607 791 2668 in
805 2627 913 2669 omnes
928 2606 1005 2668 moti
1021 2604 1160 2688 corporis
1175 2616 1280 2688 partes
1296 2599 1458 2686 aequaliter
1497 2672 1504 2675 ,

162 2711 288 2799 agendo
307 2711 522 2777 resistentiam
543 2721 608 2777 non
628 2725 736 2778 mutet
783 2715 908 2779 Pressio
931 2716 1048 2802 utique,
1075 2737 1146 2800 quae
1166 2738 1185 2779 a
1206 2725 1294 2778 motu
1317 2711 1457 2795 corporis

162 2824 274 2900 oritur,
298 2824 492 2907 impenditur
512 2824 547 2886 in
568 2836 688 2887 motum
709 2824 845 2907 partium
866 2825 956 2888 fluidi
977 2823 1192 2910 generandum
1207 2813 1239 2887 et
1252 2821 1458 2886 resistentiam

162 2942 258 3017 creat.
306 2920 432 2997 Pressio
451 2946 557 2997 autem
580 2956 650 3019 quae
673 2936 771 2999 oritur
787 2958 806 2998 a
821 2937 1050 3019 compressione
1070 2936 1169 3012 fluidi,
1197 2946 1355 3018 utcunque
1368 2933 1457 2995 fortis

163 3026 212 3117 sit,
240 3040 268 3102 si
291 3047 483 3127 propagetur
504 3042 538 3105 in
555 3041 691 3119 instanti,
717 3042 839 3105 nullum
862 3055 991 3130 generat
1010 3055 1131 3106 motum
1151 3045 1186 3105 in
1206 3044 1346 3125 partibus
1367 3041 1458 3104 fluidi

164 3152 315 3230 continui,
331 3152 451 3215 nullam
467 3152 595 3216 omnino
609 3153 728 3217 inducit
742 3169 845 3218 motus
859 3153 1082 3229 mutationem3
1097 3152 1231 3237 ideoque
1246 3150 1457 3215 resistentiam

195 3323 229 3389 (f)
254 3326 268 3355 ⁴
295 3324 413 3372 &anari
429 3332 505 3384 potest
526 3322 706 3387 quamproxime.
743 3324 800 3379 Quo
830 3324 898 3378 basis,
913 3322 1218 3377 altitudinisetvelocitatis,
1236 3320 1383 3367 intereadum
1397 3335 1457 3382 qua-

162 3388 227 3436 anim
247 3392 357 3446 tempore
378 3386 498 3447 cylindrus
515 3386 700 3447 cumfpraedictd
715 3386 800 3434 veloci·
831 3386 942 3447 druplum
953 3386 1107 3450 longitudinis
1117 3402 1166 3432 suae
1177 3385 1291 3441 describit,
1303 3384 1409 3447 generari
1419 3384 1458 3431 vel

165 3454 212 3500 t'at'e
226 3450 378 3497 'uniformiter
389 3449 566 3513 progrediendo,
579 3451 687 3498 describit
698 3452 799 3510 spatium
830 3450 883 3499 tolli
892 3453 971 3511 possit,
982 3462 1006 3499 et
1016 3450 1050 3496 vis
1057 3452 1108 3497 bec
1116 3450 1146 3496 sit
1155 3448 1185 3495 sd
1193 3448 1241 3495 vim
1251 3447 1299 3511 quia
1306 3457 1369 3494 totus
1376 3447 1459 3509 prioris

165 3516 207 3563 21
221 3516 253 3568 G,
271 3514 366 3574 proprio
381 3514 484 3573 pondere
495 3514 599 3562 cadendo
611 3514 748 3571 describeret
764 3514 798 3561 al-
830 3514 930 3576 cylindri
944 3524 1023 3561 motus
1041 3515 1124 3561 eodem
1141 3522 1246 3573 tempore
1264 3511 1370 3575 generari
1385 3511 1459 3571 poaeit

162 3579 291 3626 titudinem
309 3578 324 3625 Ι
337 3578 371 3635 G,
390 3586 415 3625 et
430 3576 574 3635 velocitatem
590 3578 655 3625 illam
672 3578 800 3641 acquireret
830 3578 868 3625 vel
883 3578 942 3637 tolli,
960 3588 988 3626 ut
1003 3578 1103 3625 densitas
1113 3592 1180 3639 aquae
1191 3576 1221 3623 ad
1231 3576 1367 3624 densitatem
1383 3574 1460 3637 cylin-

163 3646 218 3707 (sso.
237 3642 293 3689 Lib.
308 3640 356 3698 1.).
394 3639 457 3687 Ciun
473 3640 546 3703 igitur
563 3641 692 3689 resistentia
707 3642 802 3704 equalis
833 3641 877 3699 dri,
894 3657 1038 3704 consequens
1051 3650 1085 3689 est
1095 3651 1123 3688 ut
1132 3641 1260 3687 resistentia
1271 3638 1369 3701 cylindri
1379 3638 1459 3700 cujus-

161 3708 195 3754 s'it
204 3704 306 3765 ponderi
314 3704 426 3765 cylindri,
438 3713 502 3763 patet
513 3706 664 3766 propositum.
833 3720 934 3767 cumque
945 3707 975 3753 sit
984 3706 1015 3753 ad
1025 3706 1072 3752 vim
1083 3705 1129 3767 quai
1136 3714 1200 3751 totus
1206 3704 1258 3766 ejus
1265 3713 1350 3759 motus,
1359 3703 1459 3750 interea·

194 3770 232 3833 (Ε)
246 3772 259 3799 *
273 3770 581 3829 Augebitarvelminactar.
619 3770 742 3824 Quantitas
749 3784 799 3817 mo·
832 3768 891 3816 dum
901 3769 1060 3832 quadruplum
1069 3767 1223 3831 longitudinis
1234 3783 1283 3815 suae
1293 3766 1406 3821 describit,
1416 3782 1459 3829 ge·
1488 3800 1491 3803 «

164 3832 203 3881 tris
212 3834 239 3879 in
249 3830 358 3893 cylindro
370 3832 439 3893 cujus
450 3832 518 3888 basis,
535 3832 636 3880 densitas
652 3842 676 3879 et
691 3831 800 3880 velocitas
831 3832 907 3879 nerari
918 3834 954 3881 vel
965 3833 1016 3879 tolli
1026 3842 1107 3893 potest,
1125 3841 1153 3879 ut
1168 3831 1269 3878 donatas
1282 3846 1349 3894 aquas
1359 3830 1391 3878 ad
1400 3830 1459 3880 den·

162 3896 224 3945 datae
235 3904 298 3951 sunt,
317 3904 418 3957 augetur
433 3894 471 3941 vel
487 3896 603 3943 minuitur
613 3898 638 3943 in
648 3896 737 3944 ratione
747 3896 800 3943 lon.
831 3896 922 3944 sitatem
933 3895 1031 3958 cylindri
1039 3894 1223 3957 quamproxime.
1288 3935 1291 3937 ,

164 3960 281 4023 gitudinis
297 3958 399 4019 cylindri
410 3974 451 4005 sen
463 3958 597 4017 voluminis,
614 3970 639 4007 et
649 3970 741 4021 tempus
751 3976 799 4021 quo
864 3959 895 4023 (¹)
906 3964 919 3990 ‘
935 3964 1076 4009 Condnuum
1091 3960 1142 4007 verb
1157 3976 1203 4007 esse
1219 3962 1281 4007 delet
1291 3969 1313 4007 et
1323 3978 1371 4009 non
1384 3962 1461 4008 eloai·

162 4024 287 4084 cylindrus
298 4019 355 4081 data
365 4022 407 4067 illa
417 4022 538 4069 velocitate
549 4024 694 4071 uniformiter
704 4038 798 4085 progre·
830 4040 893 4073 cunc
930 4024 994 4071 Nam
1011 4024 1030 4070 si
1049 4023 1148 4071 fluidum
1167 4034 1227 4070 esset
1242 4024 1370 4082 elasticurn,
1387 4024 1461 4085 ipsius

164 4086 250 4135 diendo
268 4084 431 4148 quadmplum
447 4085 602 4147 longitudinis
618 4103 667 4134 sua
682 4086 797 4144 describit,
829 4097 906 4147 partes
927 4104 968 4148 per
989 4087 1184 4147 compressionem
1205 4088 1407 4142 condensarentur,
1435 4095 1460 4134 et

163 4159 265 4213 augetur
288 4148 328 4195 vel
351 4149 469 4196 minuitur
489 4150 515 4195 in
538 4150 619 4200 aridem
645 4150 799 4212 longitudinis
830 4150 915 4198 deinde
930 4151 1069 4205 rarefierent,
1086 4160 1155 4211 atque
1166 4150 1198 4197 ita
1207 4152 1295 4211 pressio
1310 4160 1459 4213 permotum

162 4225 238 4262 suase
249 4213 288 4261 vel
299 4212 424 4259 diminuta)
434 4212 524 4260 ratione
536 4217 570 4277 (5.
582 4214 636 4261 Lib.
652 4216 688 4276 Ι.)
699 4212 799 4276 ideoque
830 4216 1006 4277 progressivum,
1021 4215 1062 4277 qui
1072 4214 1232 4261 instantaneus
1247 4219 1296 4263 esse
1312 4230 1360 4261 non
1375 4222 1458 4275 potest,

163 4280 235 4343 (179)
247 4278 283 4323 ris
294 4278 335 4325 ills
347 4272 479 4337 qudmotus
490 4287 579 4333 cactus,
596 4278 638 4325 &a
830 4288 1002 4339 propagaretur.
1039 4278 1074 4325 At
1088 4278 1108 4324 si
1124 4277 1225 4325 fluidum
1241 4280 1379 4326 continuum
1390 4287 1419 4324 srt
1434 4286 1459 4324 et

192 4343 233 4406 (Β)
247 4346 261 4373 ³*
274 4344 301 4389 δι’
312 4342 412 4387 densitas
423 4343 524 4401 cylindri
540 4341 629 4389 caeteris
644 4330 798 4398 manentibus,
831 4342 922 4389 densari
933 4340 1102 4402 compressione
1117 4351 1225 4403 nequeat,
1243 4343 1329 4403 pressio
1344 4356 1458 4402 propaga-

161 4416 279 4469 asgcotur
289 4406 474 4461 salmanansar,
492 4414 568 4453 motus
578 4406 661 4466 ejasm
676 4416 698 4453 ct
708 4408 741 4453 uis
751 4404 799 4467 qod
831 4406 895 4453 bitur
915 4405 940 4451 in
961 4405 1063 4453 instanti
1100 4406 1273 4465 Experimentis
1295 4403 1348 4451 vero
1369 4413 1460 4452 constat

160 4481 237 4521 nutus
247 4473 326 4518 eodem
343 4476 443 4528 tempore
457 4472 565 4529 generari
575 4472 609 4517 od
620 4472 668 4517 tolli
674 4478 756 4531 potest,
774 4470 800 4517 in
832 4484 916 4531 aquam
934 4469 959 4514 in
977 4478 1038 4515 statu
1058 4470 1158 4516 naturali
1173 4469 1321 4516 constitutam
1336 4468 1375 4513 vix
1390 4483 1458 4528 posse

159 4534 241 4583 eidem
262 4535 354 4581 ratione
375 4534 495 4591 augebitur
516 4534 551 4579 vel
571 4536 693 4582 minuetur
717 4532 797 4595 (279).
832 4532 974 4595 condensari,
991 4548 1033 4579 seu
1042 4534 1068 4579 in
1079 4534 1178 4613 spatium
1194 4534 1273 4579 minus
1288 4532 1459 4592 compressione

152 4597 227 4647 cnm
254 4598 330 4659 igitur
354 4593 454 4655 cylindri
481 4594 641 4659 cujuscunque
668 4596 798 4645 resistentia
829 4596 918 4658 redigi3
931 4594 1459 4645 enneconnaaermuimaeeondenaoonis

160 4662 257 4727 equalis
268 4662 300 4709 sit
310 4659 335 4709 ri
345 4655 393 4721 quai
403 4667 482 4705 motus
492 4658 591 4719 cylindri
608 4676 676 4723 aquae
692 4660 798 4723 ejusdem
830 4668 854 4708 et
864 4658 1021 4709 melaetionis
1031 4662 1061 4709 sit
1071 4675 1149 4721 capax.
