3434 5500
251 457 314 517 222
561 444 901 514 PHILOSOPHIAE
924 441 1198 507 NATURALIS
1263 439 1374 518 [Mor.
1385 441 1540 506 Coacon.

253 624 284 686 A
300 623 329 687 B
344 622 384 685 ed
399 641 551 684 summanr
574 616 762 682 circulonrm
784 616 815 678 A
831 614 907 678 Bet
923 611 952 675 E
968 611 995 673 F
1019 609 1058 695 (⁰)
1073 608 1123 672 vel
1138 630 1299 675 excessum
1321 607 1410 691 dupli
1431 610 1540 673 circuli

252 735 283 796 A
299 731 328 795 Β
343 751 437 813 supra
450 728 593 792 fundum.
633 782 636 795 ,

297 820 442 883 Coraca.
489 816 523 880 Si
545 816 577 878 in
599 813 704 878 medio
718 811 879 878 foraminis
896 810 925 873 E
942 807 1103 872 Flocatur
1117 804 1257 868 circellur
1282 804 1310 870 P
1326 804 1481 878 chntro
1504 807 1541 869 G

251 925 425 1010 descriptus
440 938 472 992 et
486 925 640 990 horizonti
661 921 845 1007 parallelus:
868 918 994 1005 pondus
1008 938 1099 1002 equae
1113 935 1207 1000 quam
1223 911 1363 980 circellus
1377 913 1430 978 ille
1445 914 1539 979 susti·
1626 991 1644 1012 ἱ

152 1019 155 1026 ’
250 1045 314 1110 net,
338 1035 438 1118 majus
460 1046 507 1096 est
527 1031 666 1114 pondere
681 1034 781 1093 tartiae
795 1027 893 1111 partia

252 1139 387 1224 cylindri
402 1163 492 1224 aquae
508 1143 595 1224 cujus
605 1139 688 1204 basis
698 1151 746 1202 est
756 1140 899 1203 circellus

250 1247 303 1312 ille
325 1260 358 1312 et
378 1247 511 1311 altitudo
532 1259 579 1312 est
601 1249 633 1312 G
650 1248 696 1312 H.
743 1249 791 1312 Sit
814 1249 899 1310 enim

252 1357 368 1421 ΑΒΝ
384 1357 411 1419 F
427 1356 506 1420 ΕΜ
523 1369 676 1422 cataracta
690 1357 739 1420 vel
754 1356 900 1422 columna
957 1331 998 1390 Α

251 1487 342 1550 aquae
357 1463 496 1528 cadentis
512 1485 604 1526 axem
620 1462 739 1526 habens
755 1461 788 1524 G
806 1461 840 1522 H
864 1473 899 1522 ut

251 1593 356 1655 supra,
384 1584 416 1637 et
430 1570 588 1657 congelari
602 1570 793 1657 intelligatur
814 1591 897 1654 aqua

250 1679 352 1740 omnis
366 1677 400 1739 in
415 1700 497 1755 vase,
515 1677 553 1760 (Ρ)
571 1688 635 1739 tam
656 1677 687 1740 in
704 1677 834 1742 circuitu
847 1698 900 1740 ca·

251 1802 378 1854 taractae
393 1787 488 1875 quam
502 1809 596 1872 supra
618 1787 787 1864 circellum,
810 1787 899 1870 cujus

249 1895 711 1981 fluiditasedpromptissimunr
722 1907 755 1959 et
774 1894 899 1959 celerri-

250 2029 336 2072 mum
360 2029 450 2094 aquae
473 2006 657 2070 descensum
680 2025 743 2072 non
765 2003 897 2088 requiri·
968 2062 972 2070 s

251 2123 313 2176 tur.
360 2113 402 2176 Et
425 2112 465 2174 sit
490 2111 517 2175 P
534 2112 620 2186 HQ
644 2111 789 2174 colunum
808 2132 899 2195 aquae

230 2236 345 2300 ‘supra
367 2217 528 2280 circellum
550 2216 721 2302 congelata,
749 2216 897 2280 verticem

248 2324 367 2388 habens
384 2325 421 2389 H
435 2337 468 2388 et
489 2323 684 2389 altitudinem
707 2324 740 2390 G
758 2323 802 2386 H.
855 2323 899 2387 Et

247 2434 333 2521 finge
348 2446 535 2500 cataractam
549 2419 669 2501 hancce
683 2434 825 2519 pondere
840 2424 898 2496 suo

248 2553 316 2604 toto
331 2543 441 2608 cadere
456 2557 487 2607 ct
500 2564 568 2606 non
582 2542 762 2606 incumbere
777 2541 810 2602 in
826 2541 853 2605 P
870 2538 907 2603 H
923 2541 966 2617 Q,
982 2563 1041 2605 nec
1054 2540 1187 2604 eandem
1200 2560 1353 2624 premere,
1370 2539 1425 2602 sed
1438 2538 1536 2602 libere

249 2660 281 2712 et
294 2649 359 2711 sine
373 2648 516 2712 frictione
537 2647 724 2733 praeterlabi,
748 2635 808 2711 nis'i
822 2646 903 2711 forte
917 2647 950 2711 in
964 2648 1034 2731 ipso
1048 2647 1158 2734 glaciei
1173 2648 1288 2711 vertice
1303 2669 1366 2734 quo
1380 2636 1537 2709 cataracta

248 2757 317 2839 ipso
332 2757 465 2823 cadendi
478 2757 568 2821 initio
581 2757 708 2841 incipiat
722 2779 789 2821 asae
803 2774 890 2820 cava.
924 2756 967 2821 Et
981 2756 1246 2843 quemadmodum
1260 2777 1341 2841 aqua
1355 2755 1388 2819 in
1403 2756 1536 2824 circuitu

248 2876 411 2929 cataractae
435 2865 598 2952 congelata
612 2867 643 2931 A
660 2866 699 2931 M
715 2866 743 2929 Β
760 2866 797 2942 C,
824 2866 852 2933 B
868 2868 901 2934 N
917 2866 944 2931 F
958 2867 993 2931 D
1014 2889 1155 2931 convexa
1175 2878 1224 2929 est
1245 2866 1279 2928 in
1300 2866 1466 2949 superficie
1487 2866 1537 2927 in·

248 2971 337 3051 terni
361 2974 392 3038 A
408 2973 447 3039 M
465 2973 503 3053 E,
522 2975 550 3037 B
567 2974 597 3039 N
615 2974 642 3039 F
663 2997 771 3047 versus
793 2987 980 3043 cataractam
1005 2975 1177 3053 cadentem,
1202 2975 1247 3039 sic
1268 2976 1362 3039 etiam
1386 2974 1457 3039 haec
1483 2997 1535 3039 co-

283 3166 342 3231 (?)⁸
361 3170 400 3216 ra
415 3182 526 3217 eccesiam
544 3168 609 3231 capti
625 3172 707 3218 circuli
725 3171 748 3217 A
761 3174 783 3217 B
800 3187 872 3232 aalma
906 3175 919 3202 ⁸
935 3170 1073 3217 considerari
1092 3170 1155 3218 enim
1172 3180 1247 3231 potest
1261 3170 1312 3219 axia
1329 3171 1355 3218 H
1376 3170 1399 3217 G
1416 3178 1444 3215 ut
1459 3168 1535 3232 paries

245 3232 365 3296 stradam.
402 3230 578 3279 Cdmfundum
589 3233 676 3294 aequale
692 3233 722 3280 sit
737 3233 873 3282 differentia
905 3235 963 3283 varie
979 3235 1046 3297 cujus
1064 3235 1134 3282 sectio
1155 3234 1185 3283 sit
1205 3235 1232 3282 H
1252 3235 1274 3282 G
1293 3236 1313 3282 C
1332 3236 1363 3290 A,
1386 3242 1410 3279 et
1426 3233 1532 3279 foramen

249 3295 388 3343 circulorum
407 3298 430 3342 A
443 3296 466 3343 B
477 3304 501 3343 et
513 3296 535 3342 E
548 3295 577 3353 F,
594 3312 700 3344 excessua
710 3297 775 3357 dupli
791 3299 873 3345 circuli
905 3299 931 3344 in
948 3298 1022 3344 fundo
1037 3299 1126 3345 sactum
1141 3298 1171 3345 sit
1187 3299 1210 3345 Ε
1225 3299 1253 3354 P,
1267 3298 1444 3359 qualiscumque
1455 3306 1534 3343 eutem

251 3360 273 3405 A
289 3360 319 3415 Β,
330 3358 400 3419 cupri
409 3359 512 3406 fundum
523 3368 557 3407 eet
568 3366 583 3407 2
596 3362 619 3407 A
633 3361 696 3407 B-
705 3362 727 3407 A
738 3361 761 3408 B
770 3362 803 3426 -Ι-
813 3361 873 3417 EF,
906 3362 937 3408 ait
954 3361 992 3407 lex
1008 3361 1056 3423 quil
1072 3360 1145 3408 effluit
1160 3376 1221 3423 aqua
1234 3376 1262 3407 ex
1282 3376 1342 3419 veae,
1362 3360 1444 3407 codem
1463 3358 1532 3405 moda
1561 3385 1566 3396 ι

246 3437 291 3481 ιεειι
305 3423 328 3469 A
342 3423 363 3469 B
375 3423 408 3487 ἦ·
422 3424 444 3470 E
459 3423 485 3469 F.
883 3431 886 3437 ’
907 3440 954 3487 quo
963 3425 1052 3472 factum
1068 3434 1103 3472 ert
1113 3442 1127 3472 a
1139 3426 1255 3472 Newtono
1265 3425 1290 3471 in
1301 3426 1373 3486 hujus
1388 3424 1533 3470 demonstra·

282 3486 317 3549 (Ρ)
328 3490 341 3518 '
353 3490 413 3535 Tam
421 3490 552 3536 incircuitu
561 3498 690 3536 cataracta.
715 3489 875 3544 Quemadmo·
907 3489 976 3535 tionis
985 3505 1040 3536 casu
1051 3489 1133 3549 prirno,
1150 3488 1240 3549 concipi
1257 3498 1332 3549 potest
1342 3496 1456 3534 cataracta
1471 3496 1534 3532 trane

249 3548 307 3597 dum
319 3551 382 3597 enim
392 3550 462 3610 cupri
473 3550 527 3597 ante
537 3566 582 3597 car.
598 3557 629 3607 1.,
646 3568 706 3612 aqua
719 3554 795 3600 omnis
805 3554 874 3615 cujus
906 3552 1003 3614 glaciem
1014 3551 1117 3608 effluens,
1128 3551 1396 3598 adclamationibus
1407 3550 1455 3595 illic
1466 3560 1533 3595 note·

249 3612 351 3660 fluiditas
361 3613 391 3660 ed
400 3614 598 3675 promptissimum
610 3624 634 3661 et
643 3616 788 3663 celerrimum
806 3632 874 3675 aquae
905 3616 942 3673 tis,
953 3625 981 3663 ut
988 3618 1038 3662 haec
1048 3615 1347 3677 hypothesiamathematica
1354 3623 1470 3675 congruat
1477 3627 1533 3659 cum

250 3675 505 3738 deacensumilliuaque
521 3678 633 3724 effluxum
643 3680 798 3739 perforamen
816 3680 838 3725 E
853 3680 875 3725 F
906 3678 960 3726 vert
978 3678 1077 3726 effluxae
1095 3695 1161 3741 aqua
1179 3680 1239 3742 lege,
1259 3678 1376 3740 quAtcnus
1391 3678 1421 3723 ed
1441 3677 1532 3737 copiam

249 3738 339 3786 inutilia
349 3750 404 3794 erat,
417 3741 441 3787 in
453 3742 552 3788 circuitu
562 3752 681 3789 cataractae
692 3744 812 3805 congelata
817 3759 873 3803 sup·
906 3757 973 3803 aqua
982 3742 1098 3789 effluentia
1106 3744 1161 3790 dato
1171 3752 1282 3803 tempore,
1295 3757 1342 3804 quo
1351 3742 1428 3801 posito
1438 3740 1533 3786 evidens

249 3806 385 3862 ponebatur,
414 3804 484 3867 idque
510 3804 572 3852 recte
598 3806 686 3853 sectum
713 3808 874 3867 experimentis
907 3816 941 3853 ert
956 3806 1041 3852 lineam
1055 3806 1081 3852 H
1097 3807 1252 3853 Pconvexam
1264 3806 1326 3852 sumi
1338 3805 1427 3852 debere.
1465 3802 1532 3857 Qut-

249 3865 329 3925 meat
344 3877 461 3915 ostensum
478 3878 519 3925 est,
537 3868 570 3921 itt
584 3870 622 3916 hic
632 3870 677 3917 loci
688 3870 807 3931 congelata
818 3886 872 3929 sup-
907 3881 999 3931 propter
1010 3870 1029 3915 ai
1040 3885 1068 3915 ex
1079 3872 1171 3929 punctis
1184 3870 1239 3916 Pet
1249 3869 1311 3923 Qad
1321 3879 1435 3930 punctum
1449 3866 1476 3913 H
1488 3867 1533 3913 du-

249 3929 307 3989 poni
324 3940 397 3989 potent
413 3948 473 3993 aqua
488 3933 565 3979 omnia
576 3932 600 3979 in
611 3950 664 3981 vase
675 3944 722 3981 tam
739 3936 762 3979 ln
774 3934 873 3981 circuitu
907 3932 1145 3987 canturlineerectae,
1154 3948 1269 3996 quaecum
1278 3932 1391 3979 diametro
1404 3931 1534 3986 Pontan-

250 4002 370 4040 cataractre
380 3994 451 4055 quim
462 3995 532 4055 supri
547 3998 674 4054 circellum,
694 4000 761 4061 cujus
772 3996 873 4045 fluiditas
906 3999 990 4060 guium
1001 3999 1149 4054 constituent,
1168 4009 1241 4044 conus
1256 4012 1285 4042 ex
1301 3995 1446 4043 revolutione
1461 3994 1533 4055 hujus

249 4056 281 4103 ad
291 4058 487 4117 promptisdmum
498 4070 522 4107 et
532 4061 677 4107 celerrimum
686 4078 752 4123 aquae
762 4060 874 4107 effluxum
907 4061 1017 4122 trianguli
1028 4060 1088 4107 circi
1097 4076 1165 4107 arem
1175 4062 1202 4107 H
1212 4060 1235 4107 G
1246 4060 1346 4120 genitus,
1358 4058 1534 4106 totuacontine-

250 4135 292 4180 per
301 4120 402 4181 spatium
413 4124 524 4171 annulare
538 4125 559 4171 E
570 4124 599 4182 P,
615 4125 673 4180 ΩΒ,
683 4140 730 4173 non
739 4125 873 4185 requiritur3
907 4126 970 4173 bitur
979 4125 1004 4170 in
1015 4124 1090 4174 aalide
1099 4125 1162 4187 quod
1172 4140 1214 4185 per
1223 4120 1369 4171 rotatiodem‘
1376 4122 1459 4185 figure
1473 4136 1531 4168 con·

250 4193 275 4231 et
284 4184 482 4247 quemadmodum
500 4188 586 4251 glacies
602 4188 626 4234 in
643 4190 739 4236 circuitu
756 4199 876 4237 cataractae
908 4204 972 4235 verre
983 4189 1004 4235 P
1016 4189 1043 4235 H
1058 4188 1153 4243 Qcirci
1163 4188 1264 4235 eundem
1275 4203 1343 4234 uem
1360 4187 1386 4233 H
1401 4187 1423 4233 G
1435 4199 1534 4247 genera·

250 4249 382 4305 constituta,
397 4251 417 4298 C
430 4250 453 4297 Β
466 4252 494 4297 M
508 4252 540 4307 A,
554 4254 577 4299 D
591 4253 611 4300 F
624 4254 649 4300 N
662 4254 683 4299 Β
694 4253 839 4315 pertingebat
845 4252 875 4300 ad
908 4261 953 4299 tur.
990 4253 1046 4301 Hoc
1057 4253 1129 4313 igitur
1138 4253 1248 4305 aolidum,
1260 4267 1301 4298 eeu
1313 4250 1422 4298 columne
1435 4250 1457 4296 P
1468 4249 1494 4295 H
1509 4248 1537 4302 Q

250 4312 395 4373 superficiem
408 4316 431 4361 A
445 4315 467 4361 B
479 4330 519 4361 scu
531 4316 656 4363 terminum
667 4316 749 4379 glaciei
764 4314 876 4363 continuo
908 4316 977 4376 sopri
988 4316 1106 4363 circellum
1117 4316 1245 4379 congelare,
1262 4313 1425 4377 magnitudine
1440 4321 1535 4371 superet

250 4374 397 4439 liquescentis
410 4377 435 4425 K
449 4378 472 4424 A
487 4378 508 4424 B
521 4378 549 4434 L,
562 4379 593 4426 itt
603 4396 664 4442 aqua
674 4378 744 4439 supra
754 4380 874 4427 circellum
909 4395 994 4427 conum
1012 4380 1079 4426 illum
1099 4382 1167 4443 cujus
1184 4379 1245 4426 basis
1263 4388 1298 4426 est
1312 4376 1419 4426 circellus
1436 4377 1458 4422 P
1471 4378 1497 4429 Q
1510 4384 1537 4424 et

250 4441 371 4503 congelata
386 4440 521 4503 producitur
532 4443 561 4489 ad
573 4454 686 4502 punctum
700 4444 733 4497 H,
752 4444 776 4489 in
792 4442 875 4491 eidem
907 4443 1006 4490 altitudo
1020 4443 1046 4490 H
1061 4444 1090 4491 G.
1112 4443 1192 4499 Quare
1205 4447 1257 4507 (per
1269 4442 1337 4502 Prop.
1350 4442 1384 4489 X.
1399 4440 1453 4487 Lib.
1465 4439 1504 4486 Xl
1509 4438 1532 4485 Ι.

250 4504 371 4564 superficie
390 4508 412 4553 A
426 4507 448 4553 Β
465 4506 581 4566 positum3
601 4518 624 4553 et
640 4508 674 4555 uti
690 4508 775 4569 glacies
790 4512 816 4555 in
830 4510 875 4557 cir-
909 4506 1001 4567 Elem.)
1021 4508 1130 4555 columna
1146 4508 1267 4570 congelata
1288 4506 1347 4553 PH
1361 4507 1391 4561 Q.
1410 4505 1485 4567 major
1500 4512 1536 4551 est

250 4570 315 4616 cuitu
331 4578 454 4619 cataracta
474 4587 569 4619 convexa
585 4580 618 4618 ert
639 4573 715 4621 ceratis
737 4581 877 4621 cataractam
908 4569 977 4619 tertii
987 4582 1051 4631 parte
1061 4572 1244 4633 cylindri·equae,
1261 4569 1328 4632 cujus
1338 4569 1398 4616 basis
1409 4579 1444 4615 cat
1454 4566 1536 4615 circel·

250 4634 365 4681 cadcntem
383 4634 461 4697 (272),
478 4637 510 4683 cic
526 4638 593 4683 etiam
611 4638 718 4685 calceata
729 4653 797 4698 aqua
806 4635 877 4697 arprt
909 4634 980 4682 lusP
999 4637 1062 4690 Qet
1072 4636 1171 4683 altitudo
1185 4636 1207 4683 G
1221 4636 1256 4683 H.
1292 4634 1338 4681 Sed
1356 4633 1416 4679 sicut
1432 4630 1535 4677 fundum

250 4696 366 4745 circellum
382 4701 503 4754 carmelatae
520 4703 544 4747 P
554 4702 585 4747 H
595 4702 614 4753 d
631 4716 725 4747 coracem
740 4702 783 4747 erit
798 4716 877 4749 acram
910 4698 933 4747 E
948 4700 975 4752 C.
990 4700 1048 4746 FD
1060 4700 1158 4747 sustinet
1196 4698 1256 4747 ndus
1266 4713 1333 4758 equae
1343 4697 1369 4743 in
1380 4695 1454 4756 spatio
1462 4693 1537 4740 solido

250 4768 394 4809 cataractam
401 4766 520 4813 caderttcm
528 4766 552 4811 A
560 4766 590 4812 Η
596 4766 650 4813 PE
657 4766 694 4822 M,
706 4766 730 4813 B
739 4766 769 4812 H
775 4766 795 4818 Q
803 4766 868 4813 FN
867 4786 876 4820 ‚·
911 4763 932 4811 C
944 4762 968 4811 Ε
981 4764 1010 4812 Μ
1023 4764 1055 4823 A,
1077 4764 1102 4811 D
1118 4762 1139 4810 F
1199 4763 1221 4810 B
1240 4771 1362 4818 contentae,
1379 4759 1412 4809 itt
1430 4757 1537 4806 circellua
