3434 5500
439 306 445 343 ί

143 416 428 496 LtusnSacuuu.]
460 414 702 479 PRINCIPIA
725 414 1096 491 MATHEMATICA.
1360 423 1425 485 275

145 588 168 635 E
178 588 202 635 G
213 588 382 647 comprimitur,
388 587 657 651 estadpondualiueoiae
667 589 690 634 E
700 590 731 643 G,
744 595 771 635 ut
801 598 923 635 moveatur
936 590 958 635 A
970 604 1050 637 versus
1068 589 1089 635 B
1101 587 1220 635 velocitate
1236 588 1308 643 finiti,
1327 598 1350 637 et
1364 598 1424 637 tem·

143 652 203 698 Aad
211 652 233 697 E
246 652 277 706 G,
289 650 394 713 adeoque
403 667 431 697 ex
441 667 515 713 aequo,
524 652 559 697 vis
565 651 613 712 qud
620 651 705 698 lineola
714 653 736 697 E
746 652 769 697 G
801 668 857 711 pore
878 650 969 699 infinite
989 667 1060 711 parvo
1082 652 1195 699 describat
1215 652 1315 719 spfium
1337 652 1426 701 influitd

142 715 168 761 in
176 716 277 775 singuiis
283 718 375 774 punctis
381 725 485 777 urgetur,
493 725 527 761 est
537 716 567 761 ad
578 717 628 775 eiua
635 715 734 774 pondus,
744 725 771 763 ut
801 730 898 775 parvum
911 715 977 774 primi
991 715 1078 762 ordinis
1091 719 1112 761 A
1126 731 1146 768 a,
1164 716 1198 761 ris
1209 716 1301 763 matrix'
1309 718 1389 775 puncti
1403 719 1424 765 B

146 779 168 825 0
179 780 231 834 ΒΧ
239 781 260 824 A
269 778 300 830 ad
309 778 333 824 E
346 780 367 825 G
380 786 404 835 ><
418 779 448 832 V,
456 794 499 824 seu
507 789 534 823 ut
542 779 769 837 semi-parameterin
802 780 845 825 erit
855 776 987 825 differentiax
996 778 1078 825 vinium
1090 779 1257 838 repulsivarum
1274 780 1355 839 puncti
1367 781 1390 827 A
1401 794 1426 827 et

144 846 175 897 A,
184 842 216 888 ad
225 842 248 887 V
256 842 396 903 V(estenim
407 842 430 889 0
442 841 501 892 Itad
514 842 537 887 E
551 842 574 887 G
584 853 611 888 ut
621 843 643 888 T
651 852 661 886 t
670 842 701 887 ad
709 843 731 888 B
741 842 769 898 C,
804 843 833 896 C,
850 854 884 888 est
898 850 976 889 autem
988 842 1021 887 ris
1031 843 1146 902 repulsiva
1161 842 1242 903 puncti
1254 840 1278 889 A
1291 842 1330 889 ubi
1345 858 1423 905 perve·

142 916 212 967 atquc
219 904 273 951 ided
283 914 311 951 ut
318 906 518 964 semi-paratusne
528 904 558 951 ad
568 905 602 965 V)
615 905 650 950 vei
659 914 686 952 ut
697 912 712 951 8
722 906 743 951 P
753 906 770 952 S
802 905 838 951 nit
848 906 873 951 in
884 922 905 961 a,
922 903 952 951 ud
962 906 1009 951 vim
1025 908 1107 965 puncti
1121 907 1141 954 C
1160 908 1190 971 (si
1205 907 1250 952 im-

145 970 196 1025 χΔ
206 969 266 1015 adB
280 970 329 1025 0²,
340 973 371 1013 ob
381 970 464 1029 and
477 968 768 1029 BCqutsemi-parame·
800 978 891 1014 motum
898 970 1051 1030 supponatur)
1060 972 1116 1017 utB
1127 970 1185 1020 Cad
1196 970 1247 1027 Ba,
1263 990 1423 1031 ,ΑΔ-,ι

142 1034 174 1079 tri
185 1033 324 1093 quadratum
335 1032 365 1078 ad
375 1032 414 1079 Tt
423 1032 492 1094 quad.
504 1036 584 1096 (atque
594 1030 648 1078 ided
658 1041 685 1079 ut
695 1033 740 1078 8Ρ
753 1033 770 1079 8
800 1040 824 1077 et
834 1032 958 1079 dividendo
974 1034 1006 1078 vis
1022 1034 1106 1079 matrix
1122 1033 1203 1095 puuoti
1216 1033 1245 1089 B,
1274 1029 1280 1053 ¹

142 1097 172 1143 ad
182 1096 429 1157 semi-parametrum.)
448 1096 592 1150 Quamcirm
602 1104 705 1154 tempora
714 1095 766 1157 qui·
799 1096 830 1141 ad
849 1096 897 1141 rim
914 1096 1053 1155 repulsivam
1071 1098 1151 1156 puncti
1173 1098 1200 1151 C,
1221 1106 1248 1143 ut
1264 1076 1289 1122 Α
1313 1092 1328 1123 ⁸
1352 1076 1375 1124 Β
1402 1077 1422 1123 c

142 1162 185 1205 bus
195 1158 294 1221 aequalia
304 1172 399 1218 corpora
408 1174 449 1217 per
455 1159 553 1221 aqualia
560 1159 764 1218 spatiaimpelluu·
798 1160 821 1205 B
835 1160 856 1206 C
866 1184 899 1197 —
910 1160 955 1206 Ba
966 1162 1011 1222 (=
1021 1162 1042 1223 A
1052 1160 1077 1219 a)
1089 1161 1118 1207 ad
1128 1162 1178 1208 Ba.
1200 1158 1247 1207 Sed

143 1233 187 1279 tur,
199 1224 245 1269 sint
252 1222 369 1282 reciproce
376 1223 402 1267 in
409 1223 571 1282 subduplioata
578 1222 765 1278 rationavinum,
799 1226 823 1268 A
834 1239 855 1279 a,
867 1231 902 1269 est
912 1222 1001 1269 infinite
1011 1238 1107 1283 parvum
1119 1239 1147 1271 ex
1159 1224 1278 1284 hypothesi
1287 1233 1313 1271 et
1326 1224 1348 1271 B
1360 1233 1420 1271 aest

142 1288 185 1333 erit
205 1296 299 1345 tempus
318 1286 451 1331 vibrationis
471 1287 549 1342 unius,
568 1296 667 1347 urgente
686 1286 707 1331 vi
724 1286 766 1332 illa
797 1285 864 1332 {inita
879 1287 1011 1349 quantitas!
1021 1302 1077 1349 ergo
1093 1288 1127 1333 ris
1142 1288 1226 1334 matrix
1242 1288 1324 1347 puncti
1337 1289 1367 1344 B,
1384 1298 1419 1334 est

143 1349 243 1405 eiastica,
259 1348 289 1395 ad
300 1358 392 1408 tempus
407 1351 478 1395 unius
488 1348 620 1396 vibrationis
631 1358 729 1409 urgente
740 1350 763 1393 ri
796 1349 888 1396 infinite
904 1365 973 1409 parva
989 1350 1023 1395 via
1037 1361 1143 1411 respectu
1158 1351 1192 1397 ria
1207 1348 1328 1411 repulsivas
1339 1350 1419 1411 puncti

142 1412 258 1472 ponderis,
271 1413 295 1457 in
306 1413 465 1472 subduplicati
475 1413 563 1459 ratione
576 1414 597 1459 B
607 1412 683 1460 c²ad
694 1418 709 1458 8
719 1412 766 1459 Ps
800 1413 827 1467 C,
844 1427 898 1473 quae
908 1413 942 1459 vis
952 1412 1066 1473 repuisira
1077 1429 1119 1473 pro
1128 1414 1178 1475 ipsa
1188 1414 1211 1459 vi
1222 1414 1321 1461 naturali
1333 1414 1420 1461 elaterii

145 1484 171 1536 ><
192 1478 224 1521 A.
262 1482 340 1537 Atque
360 1474 419 1523 aded
435 1475 466 1522 ad
483 1485 576 1535 tempus
594 1474 717 1522 demensus
731 1490 760 1521 ex
794 1476 881 1522 assumi
896 1486 985 1536 potest;
1003 1476 1125 1525 visentem
1141 1477 1281 1524 elasticitafis
1291 1488 1326 1524 est
1338 1482 1366 1523 dx
1377 1493 1417 1538 ge-

142 1539 265 1590 eltitudine
276 1538 293 1601 ξ
305 1542 336 1596 A,
347 1539 373 1584 iu
383 1538 543 1599 subduplicati
552 1540 640 1587 ratione
653 1540 674 1585 B
686 1538 764 1585 C²ad
794 1543 849 1586 nere
865 1543 1016 1599 pressionunr,
1034 1550 1137 1601 tempore
1154 1540 1244 1589 infinite
1265 1556 1334 1601 parvo
1356 1541 1419 1587 velo-

143 1603 188 1649 8P
200 1604 216 1649 S
229 1608 256 1659 ><
275 1608 295 1649 A
307 1613 331 1649 et
340 1602 501 1662 subduplicata
510 1604 599 1649 ratione
609 1608 624 1648 8
633 1601 655 1649 P
664 1603 681 1649 8
691 1602 721 1649 ad
731 1605 763 1659 A,
795 1604 888 1651 citetetn
900 1602 989 1649 infiniti
997 1619 1094 1663 parvam
1105 1615 1233 1667 generaret,
1249 1620 1301 1665 quae
1312 1598 1419 1651 velocitas
1467 1607 1470 1619 '

142 1667 186 1713 hoc
196 1678 232 1713 est
242 1673 267 1711 in
278 1666 365 1712 ratione
376 1665 466 1727 integra
478 1666 500 1711 B
514 1668 533 1713 C
544 1666 573 1712 ad
588 1667 619 1711 A.
649 1665 696 1711 Sed
706 1677 764 1712 tem-
795 1666 886 1714 infinite
903 1682 974 1727 parva
994 1668 1092 1715 durante
1110 1679 1214 1727 tempore
1233 1667 1324 1715 infinite
1340 1682 1417 1728 parvo,

143 1745 199 1788 pore
211 1730 282 1775 unius
293 1730 424 1775 vibrationia
434 1728 516 1788 pulsus
530 1726 698 1790 progrediendo
708 1745 764 1776 con·
796 1730 897 1789 spatium
908 1728 997 1777 infinite
1008 1746 1103 1791 parvum
1119 1731 1214 1777 secundi
1231 1730 1318 1777 ordinis
1333 1731 1419 1778 descri-

144 1793 192 1839 nen
203 1793 350 1839 latitudinem
360 1808 427 1838 suam
440 1794 461 1839 B
476 1794 503 1839 C.
539 1793 605 1854 Ergo
615 1801 707 1851 ternpus
716 1808 764 1855 quo
795 1794 848 1839 bere
858 1793 956 1841 faceret:
976 1810 1031 1855 ergo
1042 1794 1153 1856 siquidem
1165 1795 1200 1839 vis
1209 1794 1291 1840 matris
1305 1795 1417 1853 punctiB

141 1857 224 1915 pulsus
245 1857 359 1915 percurrit
378 1857 478 1915 spatium
499 1856 521 1903 B
539 1857 558 1902 C
575 1864 610 1901 est
625 1857 655 1901 ad
672 1865 764 1915 tempus
796 1856 866 1917 hujus
885 1858 919 1903 vis
937 1868 1040 1918 respectu
1061 1867 1097 1905 est
1111 1856 1202 1905 induite
1220 1872 1297 1917 parra,
1315 1866 1418 1917 tempore

141 1920 264 1966 descensis
273 1935 300 1965 er
309 1919 455 1983 altitudine}
463 1924 494 1975 A,
504 1928 531 1965 nt
541 1920 562 1965 B
573 1920 631 1966 Cad
643 1922 672 1965 A.
693 1920 764 1967 Tem·
795 1918 886 1967 infinite
896 1921 1082 1981 parvospatiunr
1093 1919 1184 1967 infinite
1194 1936 1291 1981 parrum
1306 1920 1419 1968 duntaxat

142 1998 186 2043 pus
202 1994 283 2029 autem
297 1998 345 2044 quo
360 1983 441 2043 pulsus
456 1983 569 2043 percurrit
583 1982 684 2041 spatium
698 1986 766 2030 Aest
797 1984 858 2029 tertii
869 1984 956 2031 ordinis
966 1984 1092 2031 describere
1100 1984 1291 2041 faceret3nullus
1301 1999 1357 2045 ergo
1367 1999 1418 2029 mo·
1499 2026 1500 2029 ,

141 2047 172 2092 ad
182 2057 276 2105 tempus
286 2062 333 2107 quo
343 2047 455 2105 percurrit
464 2047 565 2106 spatium
580 2047 602 2093 B
617 2047 645 2102 C,
662 2055 689 2092 ut
702 2050 724 2093 A
735 2046 764 2093 ad
796 2055 835 2093 tus
845 2047 870 2092 in
879 2059 966 2107 puncto
976 2049 997 2095 B
1007 2048 1153 2109 generabitur
1162 2048 1205 2093 nisi
1212 2048 1311 2107 spatium
1319 2049 1419 2107 descrip-

144 2112 166 2157 B
180 2112 209 2167 C,
222 2108 328 2171 adedque
338 2109 427 2171 aequaie
438 2110 536 2169 tempori
545 2110 702 2156 descensuaex
713 2110 765 2157 alti·
796 2120 849 2159 tum
862 2112 882 2157 A
896 2112 949 2158 esit
959 2112 1026 2159 finita
1035 2111 1158 2173 quantitas,
1170 2110 1236 2157 nulla
1242 2126 1297 2173 ergo
1305 2112 1348 2158 erit
1355 2126 1419 2158 com-

141 2174 253 2235 urdine{
269 2176 299 2219 A.
796 2176 882 2235 pressio
893 2176 953 2221 iuter
964 2185 1052 2236 puncta
1064 2173 1085 2221 Β
1097 2184 1121 2221 et
1133 2176 1160 2222 C.
1198 2176 1229 2229 Q,
1239 2190 1259 2221 e.
1273 2174 1297 2221 d.

175 2236 226 2283 Hic
240 2236 375 2292 notandum,
387 2236 451 2297 quod
461 2236 560 2285 absurda
570 2236 607 2294 sit,
618 2245 642 2284 et
651 2236 718 2284 tacite
728 2252 765 2284 re·
829 2242 851 2285 5.
868 2242 938 2287 σοφοί.
953 2245 973 2285 l.
991 2239 1079 2286 Nullus
1085 2253 1141 2299 ergo
1151 2247 1263 2285 motusex
1273 2246 1360 2297 puncto
1370 2253 1420 2283 me-

141 2300 240 2347 futanda
256 2300 389 2359 hypothesis
403 2299 442 2345 hic
458 2312 582 2361 assumpta,
603 2301 665 2361 quod
681 2316 765 2361 nempe
796 2300 828 2346 dii
839 2302 926 2349 etastiei
937 2302 960 2347 in
970 2311 1083 2361 punctum
1091 2302 1223 2362 proximum
1232 2302 1368 2347 transfertur
1375 2302 1419 2348 nisi

141 2365 224 2423 pulsus
246 2372 392 2425 propagetur,
420 2364 538 2423 particulis
559 2366 667 2411 euntibus
687 2374 711 2410 et
728 2380 764 2411 re-
795 2374 847 2424 post
857 2375 950 2425 tempus
960 2364 1060 2421 finitum,
1077 2379 1131 2409 narn
1143 2364 1244 2423 spatium
1255 2363 1349 2409 finitum
1362 2369 1384 2409 A
1396 2382 1417 2421 a,

141 2427 267 2474 deontibus
278 2442 319 2486 pro
330 2427 382 2491 lege
391 2428 468 2489 gravis
483 2427 626 2474 ascendentis
636 2437 659 2473 et
669 2428 762 2475 descen·
795 2428 888 2474 nonnisi
899 2438 1001 2489 tempore
1012 2428 1078 2475 finito
1088 2427 1191 2487 percurri
1206 2436 1280 2489 potest
1296 2442 1337 2487 per
1353 2428 1415 2475 relo-

141 2490 223 2537 dentis'.
261 2488 352 2536 Verirm
368 2490 392 2535 id
407 2490 483 2550 ipsum
499 2499 534 2537 est
548 2491 611 2551 quod
622 2489 764 2537 demonstra·
797 2491 890 2539 citatem
901 2488 997 2539 finitam.

141 2554 229 2599 narrem
243 2554 421 2601 Nerrtonianem
438 2554 525 2609 evertit,
541 2551 684 2601 ostendendo
695 2556 763 2601 nimi·
793 2594 806 2623 ,
826 2562 849 2603 6.
865 2558 934 2605 Corot.
949 2562 971 2602 2.
990 2556 1024 2603 Et
1036 2554 1141 2611 velocitas
1153 2554 1221 2613 [inita¹
1228 2554 1252 2601 in
1264 2564 1352 2614 puncto
1359 2554 1416 2602 elas-

141 2633 194 2663 rum
211 2633 264 2663 eam
284 2617 357 2677 ipsam
377 2616 482 2664 absurda
500 2618 621 2678 hypothesi
639 2618 763 2678 probandae
796 2617 843 2665 tico
861 2620 959 2667 excitata
976 2634 1025 2667 non
1036 2619 1173 2670 ¹mutabitur
1194 2618 1240 2663 nisi
1255 2628 1306 2679 post
1324 2628 1418 2679 tempus

141 2696 207 2742 aeque
218 2682 334 2726 inservire.
794 2679 888 2729 finitum
898 2692 921 2729 et
932 2692 1051 2745 postquam
1062 2683 1189 2743 quantitate
1201 2678 1267 2729 finire
1276 2684 1415 2742 processerit·

174 2749 296 2794 Hactenus
311 2747 346 2793 uir
362 2745 517 2799 doctissimum
533 2750 763 2808 sequuntureaqui·
798 2746 850 2794 Sint
868 2747 930 2794 enim
949 2749 1019 2795 medii
1038 2746 1156 2806 particulae
1174 2746 1200 2803 Z,
1214 2747 1245 2800 A,
1261 2749 1290 2803 B,
1309 2745 1419 2806 procedat

141 2811 183 2857 bur
192 2812 281 2857 restitui
288 2825 352 2870 porro
364 2811 542 2858 Nerotorriarrem
551 2813 764 2858 denumerationem
796 2820 912 2870 puuctum
931 2813 954 2857 A
973 2811 1093 2858 velocitate
1111 2807 1176 2856 finiti
1199 2819 1325 2872 utcumque
1347 2811 1371 2856 in
1392 2811 1416 2857 id

145 2876 268 2921 ordimur.
796 2885 911 2933 punctum
933 2875 1051 2934 producta,
1072 2883 1096 2921 et
1116 2884 1220 2934 ternpore
1240 2871 1331 2921 infinite
1347 2889 1419 2936 parra

796 2937 911 2986 describat
926 2940 1026 2998 spatium
1042 2932 1132 2984 infinite
1148 2953 1244 2997 parrum

189 3001 229 3048 De
242 3000 348 3048 Motibus
358 3001 384 3046 in
397 2999 482 3047 Fluido
493 3000 597 3048 Eleatico
610 3002 711 3073 Genitis⁸
799 3002 822 3047 A
833 3017 854 3054 a,
873 3003 907 3048 ris
922 2999 970 3064 quis
985 3000 1076 3048 sistetur
1092 3016 1119 3047 ea
1135 3000 1242 3047 velocitas
1259 3023 1278 3068 Ζ
1324 3021 1347 3067 A
1379 3050 1384 3062 Ι
1393 3022 1416 3070 Β
1449 3017 1460 3040 s

756 3063 760 3069 '
796 3065 883 3112 orietur
893 3081 921 3112 ex
932 3061 1061 3112 differentia
1072 3063 1154 3110 virium
1166 3064 1241 3110 elasti-

174 3133 195 3175 1.
210 3130 354 3190 Hypotheris.
386 3129 497 3187 Suppono
518 3127 621 3175 medium
643 3127 763 3176 elasticum
796 3143 876 3175 aarum
886 3129 1029 3190 punctiZet
1038 3127 1118 3188 puncti
1128 3129 1154 3183 B,
1164 3137 1243 3188 estque
1259 3130 1418 3168 '¹-†·'···

141 3202 244 3239 oouaare
253 3193 353 3251 punctis,
364 3193 491 3252 quantitate
501 3192 585 3253 exigui
596 3191 636 3238 sed
647 3192 764 3238 (initiase
794 3191 829 3238 ris
835 3189 915 3252 puncti
924 3187 982 3240 Bad
989 3193 1035 3237 viru
1043 3191 1123 3251 puncti
1131 3191 1150 3236 Z
1158 3200 1185 3236 ut
1194 3193 1215 3236 A
1225 3191 1247 3237 B
1362 3207 1378 3238 a

142 3256 233 3312 dissitis,
250 3255 307 3301 etri
318 3255 432 3314 repuisiri
443 3253 534 3303 donatis
544 3270 596 3316 quar
610 3255 725 3303 distantiae
735 3256 763 3302 il·
796 3256 828 3319 -ί-
840 3256 865 3302 A
874 3255 922 3302 aad
936 3257 959 3303 A
969 3253 1030 3303 13-
1040 3256 1092 3312 Aa,
1104 3264 1127 3301 et
1137 3253 1241 3300 dividen·

141 3319 216 3365 lorum
235 3328 377 3380 punctorum
395 3318 425 3365 sit
441 3318 557 3378 reciproce
572 3319 762 3379 pmportionalis3
793 3320 825 3366 do
846 3319 881 3365 ris
903 3317 985 3363 sistam
1005 3326 1120 3375 punctum
1139 3315 1162 3361 A
1180 3315 1210 3360 ad
1227 3317 1272 3362 vim
1289 3317 1370 3377 puncti
1387 3319 1413 3376 Z,

142 3397 184 3428 nec
200 3382 230 3429 ad
246 3383 293 3429 alia
310 3391 397 3441 puncta
416 3392 499 3441 prater
517 3399 545 3429 ea
562 3398 615 3443 quas
631 3383 764 3429 immediate
795 3392 822 3429 ut
837 3387 852 3428 2
867 3383 889 3428 A
901 3381 955 3430 aad
967 3383 990 3429 A
1004 3383 1026 3428 B
1037 3407 1070 3419 -
1082 3382 1105 3426 A
1117 3395 1138 3435 a,
1155 3376 1195 3426 sed
1212 3381 1235 3426 A
1247 3397 1262 3428 a
1277 3392 1311 3427 est
1326 3381 1417 3428 infinite

140 3445 487 3505 proximasuntseseextendit:
500 3447 545 3492 hoc
552 3445 615 3492 enim
623 3446 763 3508 modoquae-
795 3460 893 3506 parrum
903 3455 1007 3506 respectu
1018 3444 1151 3506 quantitatis
1164 3447 1186 3490 A
1201 3445 1265 3490 B-
1278 3445 1301 3490 A
1313 3460 1333 3498 a,
1351 3459 1415 3507 ergo,

140 3524 241 3571 cumque
249 3510 279 3555 sit
286 3508 387 3568 partium
395 3509 559 3556 mediielustiei
566 3518 655 3562 natura,
666 3511 721 3556 satis
729 3511 763 3555 ie-
795 3510 829 3554 ris
840 3510 921 3556 sistens
931 3519 1045 3569 punctum
1059 3509 1082 3555 A
1094 3518 1128 3555 est
1138 3506 1229 3554 infinite
1239 3523 1316 3567 parva,
1327 3523 1415 3568 respec-

140 3573 216 3620 liciter
225 3581 419 3632 repraesentantur
433 3572 529 3619 effectus
539 3573 580 3634 qui
590 3587 707 3619 exeorum
716 3573 764 3620 ele-
794 3580 822 3618 tu
832 3575 867 3619 vis
877 3573 957 3632 puncti
975 3574 1002 3628 Z,
1022 3587 1075 3633 quae
1093 3580 1126 3618 est
1142 3573 1177 3616 vis
1192 3571 1277 3618 elaterii
1295 3571 1413 3628 naturalis,

140 3638 200 3684 terio
211 3637 319 3696 pendent.
748 3665 750 3670 -
794 3635 848 3683 ided
865 3636 957 3699 (eodem
973 3635 1044 3683 modo
1059 3651 1086 3682 sc
1101 3635 1126 3680 in
1139 3635 1299 3681 Theorematis
1317 3633 1414 3682 demon-

172 3706 195 3747 2.
211 3703 282 3748 Corol.
298 3705 319 3746 1.
338 3698 414 3746 Medii
422 3699 508 3747 eiastici
519 3710 591 3746 status
606 3699 718 3755 naturalis
728 3709 763 3746 est
794 3710 891 3747 stratum
902 3700 958 3761 fuit)
970 3699 1110 3760 probabitur,
1122 3699 1168 3744 vim
1181 3698 1245 3744 iliam
1258 3707 1361 3758 tempore
1376 3698 1414 3744 in-

139 3773 168 3810 ut
177 3776 266 3824 puncta
276 3762 326 3825 ejus
336 3762 428 3810 elastica
436 3780 450 3810 a
457 3780 483 3811 ae
492 3762 576 3810 muteris
587 3765 705 3826 aequaliter
715 3764 762 3810 dis-
794 3763 860 3810 finite
871 3779 941 3822 parvo
951 3763 1050 3824 spatium
1062 3761 1252 3821 infiniteparrum
1261 3762 1321 3808 tertii
1329 3761 1416 3808 ordinis

139 3838 197 3874 tent.
793 3831 972 3886 productmam:
996 3841 1067 3887 quare
1083 3825 1171 3872 etiamsi
1186 3825 1279 3886 singula
1299 3835 1386 3885 puncta
1401 3841 1416 3872 a

172 3899 195 3939 3.
207 3894 279 3940 Corol.
293 3896 316 3937 2.
340 3890 433 3938 Puncta
447 3891 540 3938 elastica
555 3891 698 3938 velocitatem
709 3889 762 3936 tini-
793 3901 859 3949 parte
872 3892 893 3938 B
905 3890 978 3952 posita
989 3891 1072 3952 equali
1083 3889 1105 3934 vi
1116 3899 1210 3950 agerent
1225 3904 1352 3951 eorumque
1368 3905 1414 3936 nu·

139 3965 188 4002 tam
200 3953 316 4014 uncipere
326 3963 422 4013 possunt
433 3954 468 4000 rei
480 3971 521 4014 per
536 3954 695 4001 immediatum
707 3970 761 4000 con·
793 3969 872 4001 ruerus
883 3953 987 4000 infinitus
997 3953 1063 4010 foret,
1081 3953 1139 3999 vires
1150 3953 1196 3998 illae
1212 3967 1292 3999 omnes
1307 3967 1355 3999 non
1371 3953 1416 3998 nisi

139 4028 230 4065 tactim
241 4017 342 4077 corporis
351 4019 417 4074 moti,
429 4017 547 4065 velocitate
557 4016 601 4064 suia
611 4017 677 4064 finitis
688 4033 761 4076 punc-
794 4020 894 4077 spatium
904 4016 995 4065 infinite
1005 4032 1101 4076 parvum
1113 4015 1208 4062 secundi
1225 4015 1311 4062 ordinis
1325 4014 1416 4063 infinite

139 4092 193 4128 tum
208 4082 329 4128 elasticum
344 4082 450 4143 urgentis
460 4083 498 4128 rel
508 4097 548 4140 per
558 4082 672 4128 actionem
688 4082 761 4127 conti·
793 4097 865 4140 parvo
884 4091 986 4141 tempore
1004 4095 1032 4127 ex
1052 4081 1125 4140 spatio
1145 4080 1168 4126 A
1185 4095 1199 4124 a
1215 4079 1295 4127 eodem
1312 4089 1416 4141 tempore

139 4156 238 4193 nuanm
248 4144 282 4190 ris
291 4143 413 4203 repulsivas
423 4156 563 4204 punctorum
579 4144 725 4191 eiasticorum
741 4147 761 4190 si
794 4145 908 4205 descripto
919 4144 1071 4200 detraherent,
1088 4153 1192 4189 maneret
1202 4142 1280 4204 itaque
1290 4143 1359 4200 idem,
1376 4159 1415 4189 re·

139 4213 169 4256 ab
179 4208 230 4256 und
239 4219 304 4267 parte
314 4207 395 4254 fortior
404 4209 435 4254 sit
444 4206 618 4269 quimabalii.
649 4208 762 4269 Reliquas
793 4209 875 4255 locitas
906 4223 961 4270 ergo
974 4208 1143 4268 punctiAnon
1151 4206 1279 4254 mutabitur
1288 4222 1316 4253 ex
1324 4209 1415 4253 actione

139 4289 220 4319 causas
230 4285 317 4325 motus,
328 4279 356 4316 ut
365 4273 508 4332 gravitatem,
520 4272 579 4319 vires
586 4272 705 4329 centrales,
716 4274 758 4319 dre.
792 4273 898 4318 omnium
911 4282 1048 4331 punctorum
1056 4270 1125 4317 medii
1135 4269 1229 4325 elastici,
1243 4271 1286 4316 nisi
1297 4279 1348 4330 post
1356 4279 1414 4316 tem·

139 4338 235 4383 hicnon
246 4335 426 4391 consideramus.
792 4351 838 4395 pus
853 4336 946 4381 finitum
962 4345 985 4382 et
1000 4346 1121 4397 postquam
1137 4333 1202 4380 finita
1218 4333 1345 4396 quantitate
1360 4349 1414 4394 pro-

171 4407 194 4446 4.
211 4403 292 4448 Thoar.
308 4404 329 4444 ί.
350 4399 374 4444 8ἰ
386 4399 493 4445 velocitas
504 4398 569 4445 finita
578 4397 761 4460 quomodocum·
793 4400 892 4446 cesserit.

139 4479 185 4525 que
195 4464 308 4510 excitetur
317 4463 345 4507 in
355 4475 443 4521 puncto
454 4463 554 4517 erastino,
566 4463 679 4509 osanna
691 4464 741 4523 ejus
748 4479 763 4509 a
774 4477 776 4480 ·
826 4468 848 4511 7.
865 4465 935 4510 Corol.
946 4468 968 4508 3.
986 4461 1010 4508 Si
1019 4461 1190 4508 considerentur
1197 4461 1320 4507 innumero
1328 4470 1415 4520 puncta

139 4528 245 4587 proximo
259 4535 349 4586 puncto
359 4541 438 4572 versus
448 4527 511 4587 quod
522 4535 628 4573 movetur
643 4527 763 4572 minuetur
788 4522 887 4574 'elastica
898 4525 977 4572 ordine
989 4527 1013 4570 in
1024 4523 1087 4571 linei
1097 4523 1245 4584 rectiposita,
1259 4523 1414 4570 necatrenda-

139 4591 204 4638 finiti
214 4592 344 4652 quantitate
355 4599 480 4650 autequam
490 4591 516 4635 in
526 4590 616 4651 reliquo
626 4589 703 4635 medio
714 4591 763 4636 fac·
784 4602 834 4646 ,tur
844 4590 874 4636 ad
885 4589 992 4650 aliaque
1004 4587 1183 4650 circumquique
1199 4587 1299 4632 solidum
1316 4587 1427 4646 spatium³

140 4656 216 4701 tussit
227 4653 486 4714 ullusmotusulhque
501 4653 652 4712 compressio:
671 4653 718 4699 siut
731 4656 761 4709 A,
795 4655 948 4710 constituunt,
960 4654 980 4698 si
992 4668 1065 4699 unum
1072 4654 1191 4698 velocitate
1199 4649 1264 4696 finiet
1270 4649 1417 4711 quicumque

140 4716 169 4776 B,
183 4720 212 4777 C,
232 4719 279 4766 tria
296 4727 384 4776 puncta
400 4717 471 4762 mcclii
489 4717 577 4765 elastici
595 4716 773 4779 aequidistantia,
795 4733 825 4764 ex
836 4717 906 4765 causi
920 4725 1038 4780 urgeatur,
1055 4732 1109 4778 quae
1125 4723 1232 4762 constans
1242 4713 1307 4762 ineo
1317 4724 1417 4772 maneat,

747 4804 791 4850 82
