3434 5500
253 427 315 482 ate
574 349 915 478 Pnlnosoefflm
935 400 1209 470 NATURALIS
1265 396 1377 478 [Mor.
1388 394 1543 462 Coma

251 599 376 653 constat
394 583 480 672 qudd
501 583 656 670 querulitas
678 603 778 670 sqnae,
804 599 876 666 quae
896 599 954 663 per
975 576 1116 640 foramen
1135 571 1286 638 cinctum
1298 571 1333 634 in
1346 567 1447 634 fundo
1459 565 1543 631 vasis

250 697 378 774 factum,
395 695 470 758 dato
484 705 625 777 tempore
639 691 746 769 effluit,
762 713 800 754 ea
813 689 854 752 sit
868 708 939 773 quae
953 707 1027 750 cnm
1040 683 1201 752 velocitate
1215 678 1376 767 praedicta,
1398 697 1463 742 non
1483 697 1544 761 per

252 803 393 867 foramen
406 799 495 878 illud,
511 799 567 864 sed
580 819 638 883 per
651 797 791 864 foramen
805 795 966 871 circulare,
980 795 1070 878 cujus
1077 792 1229 856 dmmeter
1239 802 1287 854 est
1299 788 1341 852 ad
1355 788 1544 852 diametrum
1591 853 1617 878 Ὦ

251 910 411 976 foraminis
435 909 519 974 illius
544 922 579 974 ut
601 917 638 974 tt
666 909 707 972 ad
729 915 782 985 25,
808 905 918 970 eodem
941 914 1083 987 ternpore
1098 899 1231 965 effluere
1252 898 1354 962 debet.
1401 895 1544 981 Ideoque

252 1040 334 1104 aqua
346 1016 400 1081 illa
415 1015 543 1080 effluens
557 1015 752 1080 velocitatem
772 1013 867 1078 habet
881 1011 1028 1076 deorsum
1042 1010 1076 1072 in
1089 1008 1159 1092 ipso
1172 1007 1324 1070 foramine
1337 1025 1431 1091 qnam
1446 1025 1545 1091 grave

253 1123 442 1189 cadendo'et
456 1145 530 1188 casu
544 1144 602 1186 suo
626 1121 665 1206 (l)
681 1119 888 1186 describendo
909 1116 1071 1182 dimidiam
1092 1112 1287 1178 altitudinem
1301 1133 1392 1197 aquae
1412 1111 1447 1174 in
1468 1131 1543 1174 vase

253 1233 423 1320 stagnantis
438 1232 597 1317 acquirere
610 1242 714 1314 potest
728 1225 979 1314 quamproxime.
1025 1223 1090 1290 Sed
1108 1235 1275 1308 postquam
1289 1220 1386 1285 exivit
1399 1241 1442 1284 ex
1456 1240 1542 1296 vase,

253 1342 443 1407 acceleratur
459 1338 678 1426 convergendo
692 1338 793 1402 donec
807 1337 848 1400 ad
863 1335 1040 1400 distantiam
1055 1331 1234 1396 aforamine
1248 1330 1401 1394 diametro
1415 1327 1543 1392 forami·

253 1452 302 1516 nis
316 1472 415 1534 prope
428 1449 582 1534 aqualem
595 1447 830 1531 perveneritet
844 1445 1040 1509 velocitatem
1060 1440 1255 1527 acquisiverit
1267 1440 1417 1523 mrtjorem
1439 1438 1471 1499 in
1493 1458 1545 1499 ra-

254 1558 339 1622 tione
353 1555 567 1640 subduplicatd
583 1555 696 1619 binarii
710 1554 751 1618 ad
766 1553 916 1618 unitatem
931 1550 1070 1624 circiter3
1091 1568 1184 1634 quam
1199 1546 1305 1632 utique
1319 1565 1415 1631 grave
1429 1541 1546 1606 caden-

249 1666 308 1744 do,
334 1677 366 1730 et
387 1687 461 1729 casu
483 1687 541 1729 suo
562 1664 767 1729 describendo
789 1674 888 1727 totam
908 1659 1104 1726 altitudinem
1119 1679 1213 1743 aqua
1226 1656 1260 1718 in
1274 1677 1348 1720 vase
1361 1651 1545 1741 stagnantis,

256 1774 415 1861 acquirere
429 1785 533 1858 potest
547 1769 792 1859 quamproxime.
1293 1796 1297 1803 “

301 1881 554 1972 Insequentibus
576 1881 672 1968 igitur
693 1881 844 1946 diameter
869 1899 959 1943 vente
1064 1871 1281 1958 LWAE,
1282 1932 1462 1946 ....................
1457 1864 1488 1943 .Ῑ.’

257 1990 437 2076 designetur
450 1987 659 2071 perforamen
673 1986 751 2049 illud
761 1985 864 2048 minus
872 1983 958 2070 quod
1017 1978 1028 2018 ³
1437 1971 1445 1987 ⁸

256 2094 435 2158 vocavimus
466 2092 496 2156 E
520 2091 556 2156 F.
602 2091 646 2158 Et
673 2093 769 2178 plano
797 2093 958 2158 foraminis

259 2202 288 2265 E
302 2198 523 2285 Fparallelum
537 2198 611 2262 duci
624 2199 815 2287 intelligatur
828 2199 957 2283 planum

258 2306 342 2372 aliud
365 2307 507 2392 superius
524 2307 555 2370 V
571 2306 620 2370 W
634 2306 675 2371 ad
697 2305 874 2370 distantiam
890 2306 958 2370 dia·

257 2428 359 2480 metro
372 2413 534 2479 foraminis
556 2414 709 2500 aequalem
729 2413 852 2477 circiter
865 2424 898 2478 et
911 2411 958 2476 fo-
998 2471 1003 2478 .

256 2525 376 2588 ramine
389 2523 507 2608 majore
524 2523 549 2588 S
565 2523 603 2591 Τ,
609 2534 791 2607 pertusum3
806 2543 864 2606 per
873 2520 959 2606 qnod

258 2631 366 2717 utique
387 2651 467 2692 vena
491 2628 592 2704 cadat,
619 2652 691 2715 quae
714 2628 876 2716 adaequati
899 2630 958 2692 im·

256 2740 342 2824 pleat
356 2739 499 2803 foramen
521 2736 648 2801 inferius
672 2735 754 2814 EF,
778 2751 872 2823 atque
887 2735 960 2803 ideo

257 2848 345 2930 cujus
368 2844 520 2927 diameter
541 2844 582 2908 sit
603 2844 644 2909 ad
668 2844 855 2907 diametrum
875 2842 959 2907 fora-

256 2952 347 3014 minis
362 2950 515 3013 inferioris
529 2962 565 3012 ut
579 2957 620 3014 25
636 2950 677 3013 ad
691 2956 728 3011 nl
749 2949 881 3012 circiter.
927 2949 979 3013 Sic
993 2948 1077 3012 enim
1091 2970 1171 3012 vena
1183 2969 1242 3031 per
1255 2946 1394 3010 foramen
1416 2945 1546 3011 inferius

254 3058 555 3155 perpendiculariter
568 3058 728 3131 transibit3
750 3070 782 3121 et
796 3058 951 3143 quantitas
966 3080 1056 3143 aquae
1070 3056 1233 3135 effluentis,
1255 3077 1315 3141 pro
1328 3056 1546 3143 magnitudine

157 3157 163 3163 ’
256 3166 416 3233 foraminis
430 3166 531 3249 hujus,
553 3188 591 3229 ea
605 3166 664 3229 erit
678 3188 772 3251 quam
787 3165 900 3231 solutio
916 3166 1122 3232 Problematis
1136 3166 1272 3251 postulat
1294 3164 1545 3250 quamproxime.

257 3271 400 3357 Spatium
414 3270 499 3347 veri),
522 3270 607 3356 quod
628 3271 729 3355 planis
751 3270 875 3333 duobus
890 3282 922 3334 et
937 3270 1014 3333 venis
1029 3270 1159 3334 cadente
1180 3270 1344 3346 clauditur,
1371 3291 1431 3353 pro
1445 3270 1545 3333 fundo

256 3380 336 3443 vasis
359 3378 468 3441 haberi
492 3390 604 3462 potest.
651 3379 715 3443 Sed
736 3390 772 3441 ut
792 3378 906 3442 solutio
927 3379 1135 3443 Problematis
1156 3380 1325 3464 simplicior
1343 3379 1384 3442 sit
1398 3392 1430 3444 et
1443 3382 1544 3465 magis

255 3482 483 3559 mathematica,
504 3494 633 3565 praestat
647 3481 795 3547 adhibere
809 3482 939 3567 planum
954 3485 1053 3548 solum
1068 3484 1195 3548 inferius
1210 3507 1269 3569 pro
1283 3484 1489 3562 fundorasis,
1512 3498 1546 3553 et

256 3595 376 3680 fingere
390 3592 475 3677 qnod
490 3614 570 3677 aqna
584 3614 655 3678 quae
669 3614 726 3677 per
739 3592 871 3680 glaciem
887 3616 944 3657 cen
964 3615 1022 3677 per
1043 3592 1272 3658 infundibulum
1292 3593 1455 3671 defluebat,
1480 3605 1513 3656 et
1525 3617 1545 3657 e

158 3788 164 3801 ,
256 3726 328 3767 vase
353 3702 573 3787 perforamen
600 3702 674 3765 E'F
698 3704 732 3767 in
753 3703 1016 3829 planoxinferiore
1034 3702 1150 3767 factum
1171 3700 1398 3788 egrediebamur,
1411 3713 1545 3765 motum

257 3935 328 3998 quim
338 3952 379 3995 per
389 3936 501 3984 theoriam
517 3937 642 3995 invenitur,
658 3936 722 4001 qnod
738 3938 806 3985 variis
815 3939 884 3987 reris·
915 3938 1021 3987 cadendo
1035 3938 1171 4001 acquisitam
1186 3945 1215 3985 ut
1227 3942 1238 3983 l
1250 3936 1281 3985 ad
1293 3940 1326 4001 ql
1340 3942 1355 3983 2
1367 3936 1418 3999 (28.
1432 3934 1488 3983 Lib.
1504 3934 1542 3997 1.)

256 3999 336 4045 tentiis
346 3999 496 4048 tribuendum
507 4016 556 4049 esse
572 4002 668 4057 videtur,
686 4011 710 4049 st
722 4001 786 4050 certi
797 4001 882 4049 illustr.
917 4002 971 4059 sed,
988 4018 1016 4049 er
1027 4001 1097 4062 sopri
1107 4001 1210 4059 ostensis,
1229 4001 1338 4048 velocitas
1353 4015 1420 4062 aqua
1430 4014 1473 4059 per
1483 4000 1545 4047 vasis

260 4062 368 4109 Marchio
386 4063 497 4122 Pelorus,
517 4064 572 4113 edm
589 4066 615 4112 in
636 4066 708 4113 Libro
724 4066 755 4113 de
778 4063 885 4114 Castaliis
915 4066 1021 4114 foramen
1031 4065 1170 4113 nauseantis
1181 4064 1255 4112 estad
1267 4065 1409 4111 velocitatem
1419 4078 1462 4123 per
1476 4078 1544 4109 venre

257 4129 314 4188 pag:
329 4131 366 4173 ⁶4.
388 4128 496 4187 opinatus
514 4129 594 4176 fuisset
613 4129 758 4177 velocitatem
776 4128 884 4177 illumin
915 4139 1039 4177 contractas
1054 4130 1177 4176 sectionem
1188 4128 1287 4183 fluentis,
1299 4128 1324 4175 id
1335 4137 1376 4185 est,
1390 4127 1421 4173 ad
1431 4126 1542 4174 velocia.

256 4189 547 4249 experimentisvaldeesse
556 4194 670 4242 minorem
677 4192 748 4255 quim
755 4193 779 4239 in
786 4192 883 4250 mesni,
915 4202 963 4240 tem
974 4208 1044 4255 quam
1060 4209 1129 4255 grave
1144 4192 1248 4240 cadendo
1258 4200 1382 4253 pertotam
1392 4190 1543 4238 altitudinem

258 4252 364 4313 pluribus
374 4252 459 4300 deiude
470 4256 633 4315 experimentis
643 4256 883 4305 adcelculosrevoca·
915 4272 983 4319 aqua
993 4257 1018 4303 in
1028 4272 1081 4304 vase
1097 4256 1225 4321 stagnantia
1240 4256 1346 4317 acquirit,
1366 4254 1392 4301 in
1407 4252 1489 4301 eisdem
1505 4270 1543 4301 ra·

258 4316 289 4363 tis
304 4317 404 4376 priorem
419 4320 557 4366 sententiam
572 4322 671 4368 mutavit
688 4322 713 4367 in
732 4320 839 4383 Epistold
853 4320 885 4368 ad
915 4320 979 4367 tione
992 4326 1012 4375 1,
1033 4321 1063 4367 ad
1080 4324 1112 4382 al
1129 4326 1158 4377 23
1178 4318 1249 4383 quare
1260 4320 1368 4366 velocitas
1384 4334 1455 4379 quam
1471 4334 1543 4380 grave

260 4380 430 4429 Marinonium.
915 4398 957 4443 par
973 4384 1093 4431 dimidiam
1109 4384 1255 4431 altitudinem
1272 4399 1339 4445 aquae
1360 4382 1488 4444 stagnamis
1503 4398 1542 4429 ca-

292 4444 326 4507 (l)
344 4448 500 4495 Describeado
515 4449 635 4496 dimidiam
650 4450 804 4497 altitudinum
836 4448 886 4495 Vc·
917 4447 994 4495 dendo
1019 4448 1123 4510 acquirit,
1151 4448 1247 4511 aqualis
1272 4457 1307 4493 est
1333 4445 1447 4494 velocitati
1474 4460 1543 4508 aquae

259 4506 340 4555 locitas
354 4525 426 4572 quam
441 4524 526 4571 corpus
535 4511 655 4572 quodlibet
665 4528 740 4574 grave,
757 4512 807 4560 sine
817 4511 884 4559 resis-
916 4526 958 4570 per
984 4510 1088 4559 foramen
1114 4510 1236 4569 effluentis,
1268 4508 1340 4557 modo
1371 4518 1448 4555 tamen
1480 4524 1543 4571 aqua

189 4590 194 4599 =
259 4572 332 4619 tentis
341 4574 544 4621 cadendoetcasn
557 4575 886 4625 suodescribendodimidiam
916 4590 958 4635 per
983 4576 1081 4637 simplex
1109 4577 1214 4622 foramen
1240 4574 1266 4621 in
1291 4572 1427 4621 tenuissimi
1453 4570 1542 4619 nmina

259 4632 406 4683 elh'tudinem
417 4652 484 4700 sque
493 4637 519 4685 in
530 4652 583 4686 vase
593 4640 722 4701 stagnantis
731 4640 884 4701 acquiritest
913 4638 1012 4697 famum,
1044 4648 1072 4687 nt
1099 4638 1169 4701 snprl
1195 4637 1325 4700 expositum
1351 4644 1394 4696 est,
1426 4634 1506 4684 effluat
1525 4650 1540 4681 e

259 4695 291 4743 ad
300 4699 444 4749 voutam
454 4703 505 4766 ejus
514 4718 556 4765 per
566 4711 638 4751 totam
654 4703 802 4752 altitudinem
817 4718 884 4769 sque
915 4716 974 4751 vase.
