3434 5500
272 463 331 537 132
578 455 918 531 PHILOSOPHIAE
940 443 1213 519 NATURALIS
1278 435 1389 517 [Mor.
1401 432 1552 498 Consua·

159 659 163 666 '
266 648 351 711 tione
366 641 472 729 quivis
487 637 640 726 assignati
656 635 811 700 distantiae
826 653 845 692 a
858 639 976 702 centro,
999 633 1035 685 ut
1049 632 1080 682 et
1093 615 1147 681 ubi
1161 610 1293 676 fluidum
1306 623 1429 670 sursum
1450 598 1550 666 rarius

271 767 325 831 est,
342 753 488 815 deorsum
501 747 637 810 densius.
683 743 725 819 Q.
741 763 769 804 e.
784 740 816 805 d.
1211 785 1215 788 .

312 861 409 922 Corol.
430 865 456 918 1.
502 853 602 940 Igitur
623 849 756 912 firndum
777 848 992 923 non'urgetur
1014 856 1033 896 a
1054 841 1121 894 toto
1141 822 1231 889 fluidi
1252 811 1457 882 incumbentis
1471 829 1551 894 pon-

266 967 350 1040 dere,
375 961 513 1026 sedeam
529 955 724 1022 solummodo
745 947 894 1037 ponderis
914 952 1035 1028 partem
1051 935 1181 1000 sustinet
1196 949 1266 1014 quae
1280 926 1314 986 in
1331 917 1551 1004 Propositione

266 1071 467 1145 describitur3
489 1067 635 1152 pondere.
644 1063 764 1146 reliquo
778 1081 797 1121 a
809 1054 898 1118 fluidi
912 1047 1013 1138 figuris
1023 1037 1178 1112 ,fornicati
1199 1043 1379 1100 sustentato.

311 1179 408 1254 Corol.
425 1183 456 1238 2.
502 1174 541 1237 In
562 1169 734 1257 aequalibus
758 1175 861 1228 autem
884 1181 902 1222 a
924 1167 1031 1222 centro
1053 1145 1206 1213 distantiis
1229 1139 1339 1204 eadem
1361 1152 1483 1217 semper
1504 1141 1552 1192 est

251 1287 432 1374 ‘pressionis
448 1282 611 1368 quantitas,
639 1279 676 1362 (θ)
692 1277 755 1339 sive
777 1267 956 1354 superficies
978 1282 1086 1347 pressa
1108 1256 1147 1320 sit
1168 1249 1321 1316 horizonti
1334 1240 1481 1330 parallelo
1501 1236 1551 1301 vel

266 1388 531 1480 perpendicularis
553 1386 603 1450 vel
618 1383 760 1467 obliqua3
782 1375 815 1460 (ἢ
832 1376 896 1438 sive
917 1369 1059 1442 fluidum,
1082 1387 1101 1426 a
1115 1355 1278 1443 superficie
1299 1347 1405 1436 pressi
1426 1365 1548 1410 sursum

267 1504 490 1574 continuatum,
506 1505 612 1580 surgat
626 1483 923 1575 perpendiculariter
938 1473 1109 1542 secuudum
1122 1469 1237 1532 lineam
1250 1473 1375 1534 rectam,
1391 1455 1441 1519 vel
1456 1451 1551 1535 serpit

266 1609 391 1697 oblique
405 1630 463 1693 per
477 1618 574 1670 tortas
589 1601 733 1666 cavitates
747 1607 779 1660 et
793 1591 926 1666 candes,
949 1605 1061 1670 easque
1076 1576 1234 1666 regulares
1255 1570 1305 1634 vel
1325 1563 1459 1632 maxime
1474 1563 1549 1625 irre·

366 1721 391 1770 Q

268 1821 386 1884 gravitatis
401 1813 596 1866 accelemtricrbus
611 1811 636 1858 in
646 1809 704 1858 locis
715 1809 749 1863 D,
763 1805 793 1860 B,
807 1805 830 1850 A
842 1817 895 1863 pro·

268 1885 416 1946 portionales,
428 1882 520 1943 sintque
530 1891 607 1926 curve
619 1873 699 1923 LIK
710 1881 734 1919 et
745 1871 770 1918 N
780 1867 897 1916 TXlora
929 1864 955 1911 X
967 1862 989 1908 T
1001 1861 1025 1906 N
1042 1859 1067 1903 in
1082 1863 1167 1901 metam
1185 1850 1270 1895 lineam
1289 1842 1417 1891 mutabitur
1431 1839 1470 1886 axi
1487 1838 1508 1884 A
1524 1838 1550 1884 D

268 1960 409 2012 punctorum
429 1947 459 2003 L,
472 1943 541 2001 1,1(‚
557 1949 581 1988 et
598 1941 630 1993 N,
643 1939 673 1995 Τ,
687 1937 720 1983 Χ.
749 1933 895 1981 Producant
926 1922 1067 1988 parallelum,
1095 1917 1184 1977 eritque
1210 1908 1305 1972 proinde
1327 1905 1413 1967 pressio
1434 1901 1502 1950 fluidi
1524 1901 1549 1946 in

272 2015 299 2060 K
312 2016 334 2060 A
345 2014 371 2059 in
384 2013 414 2064 R,
427 2018 455 2056 ut
464 2009 494 2054 sit
504 2020 595 2065 semper
608 2006 631 2050 A
645 2004 668 2049 R
677 1997 814 2059 rectiangulo
832 1996 855 2041 A
869 1993 894 2038 X
925 1989 1027 2036 fundum
1037 1987 1060 2032 D
1068 1983 1095 2030 H
1104 1981 1141 2036 M,
1149 1973 1283 2026 utfundum
1291 1973 1423 2017 bocetarea
1430 1965 1484 2026 DA
1494 1963 1550 2011 KL

272 2084 298 2132 Χ
314 2078 336 2122 A
348 2077 373 2123 K
384 2071 566 2133 proportionalis,
586 2077 610 2115 et
626 2067 650 2113 R
659 2064 718 2119 QP
736 2075 806 2107 curra
823 2071 894 2118 quarn
926 2049 1083 2114 conjunctim
1102 2045 1127 2090 in
1143 2041 1187 2089 bic
1203 2038 1265 2086 enirn
1281 2032 1410 2096 hypothesi,
1426 2032 1456 2078 ob
1472 2028 1550 2076 datam

270 2148 385 2198 punctum
397 2139 421 2183 R
432 2145 544 2195 perpetuo
554 2131 643 2192 tangite
657 2138 681 2174 et
689 2127 777 2187 pressio
786 2121 853 2168 fluidi
869 2120 895 2164 in
929 2119 952 2163 A
966 2117 999 2171 K,
1020 2128 1073 2159 area
1093 2110 1119 2156 D
1132 2108 1155 2155 A
1170 2105 1194 2152 R
1206 2103 1228 2150 P
1246 2095 1421 2161 proportionalis
1442 2102 1477 2139 est
1491 2107 1551 2138 sreae

271 2202 373 2248 fundum
392 2199 530 2259 spbaericum
550 2197 575 2242 D
594 2195 621 2240 H
638 2193 668 2240 M
690 2191 733 2236 erit
750 2197 778 2234 ut
793 2183 896 2232 fundum
929 2181 954 2226 D
968 2180 991 2226 A
1005 2177 1031 2224 K
1042 2175 1070 2222 L.

274 2266 298 2312 D
313 2266 339 2311 H
353 2265 382 2311 Μ
392 2274 417 2310 ct
427 2276 480 2308 area
497 2261 521 2306 D
535 2260 558 2306 A
572 2258 630 2306 RP
646 2252 796 2316 conjunctim.
832 2248 897 2294 Nam
961 2243 986 2290 si
1002 2241 1037 2288 vis
1051 2232 1169 2301 gravitatis
1185 2240 1208 2278 et
1224 2226 1324 2276 densitas
1340 2222 1405 2270 fluidi
1420 2229 1551 2268 constantes

272 2329 359 2389 pressio
373 2326 440 2374 fluidi
456 2323 587 2386 cylindrulo
605 2323 627 2370 B
642 2322 665 2367 A
680 2319 703 2366 G
716 2318 736 2364 F
754 2310 858 2361 contenti
873 2311 899 2356 in
930 2307 983 2362 sint,
996 2319 1072 2352 curvae
1084 2301 1106 2347 Χ
1119 2299 1143 2346 Τ
1154 2295 1186 2352 N,
1206 2293 1232 2341 K
1244 2293 1255 2338 l
1270 2291 1326 2338 Let
1339 2289 1396 2340 RQ
1408 2285 1464 2333 Pin
1480 2291 1553 2329 rectas
1582 2293 1586 2300 ·

234 2415 237 2419 ·
274 2392 347 2440 basim
359 2392 385 2441 D
398 2392 420 2439 E
432 2399 467 2437 est
477 2398 504 2436 ut
514 2387 629 2449 quantitas
639 2381 741 2430 materia
751 2379 777 2426 in
787 2377 835 2424 rim
845 2389 898 2438 grs-
930 2371 1003 2418 lineas
1014 2367 1052 2416 ari
1065 2366 1087 2414 A
1100 2363 1126 2412 D
1137 2357 1257 2422 parallelas
1266 2355 1382 2416 migrant3
1394 2358 1417 2398 et
1427 2346 1481 2395 idad
1488 2362 1552 2406 pres.

1181 2423 1216 2469 sio
1226 2418 1292 2466 fluidi
1307 2419 1331 2462 in
1344 2414 1445 2462 fundum
1456 2409 1552 2471 spbaeri-
1614 2459 1616 2464 ,

1181 2499 1235 2533 curn
1250 2484 1274 2530 D
1287 2482 1314 2528 H
1328 2481 1363 2534 M.
1384 2477 1420 2525 vel
1435 2477 1461 2521 in
1478 2474 1551 2521 basim

1181 2546 1279 2610 cylindri
1293 2546 1317 2592 D
1327 2545 1357 2596 E,
1370 2552 1405 2589 est
1415 2551 1442 2587 ut
1450 2538 1553 2614 (undum

1105 2613 1127 2660 ⁹
1182 2605 1408 2723 tritutari
1417 2601 1552 2714 tritt:

960 1797 985 1845 si
997 1795 1030 1842 vis
1041 1787 1188 1840 acceleratrix
1197 1780 1313 1846 gravitatis
1321 1773 1469 1832 constanssit,
1481 1789 1550 1822 curva

1179 2738 1287 2804 junctim.
1323 2735 1348 2783 si
1363 2731 1417 2781 verd
1433 2729 1554 2778 conferan⁴

1137 2830 1148 2851 f
1183 2814 1222 2851 tur
1232 2803 1332 2864 liquores
1342 2800 1367 2846 in
1377 2792 1552 2856 sehomogenes',

1136 2880 1140 2885 “
1184 2868 1224 2915 sed
1240 2865 1335 2912 dirersae
1349 2863 1409 2908 inter
1418 2876 1442 2907 se
1453 2856 1552 2905 densita.

1183 2932 1221 2987 tis,
1242 2928 1369 2989 pressiones
1386 2931 1455 2971 erunt
1475 2921 1500 2967 in
1515 2934 1553 2965 ra·

1184 2994 1247 3042 tione
1264 2988 1390 3051 compositi
1404 2986 1502 3041 basium,
1519 2982 1553 3029 sl.

1183 3057 1309 3107 titudinum
1318 3063 1342 3100 et
1349 3052 1495 3103 densitatum,
1503 3062 1554 3093 rno-

1183 3120 1214 3169 db
1225 3122 1324 3183 gravitas
1334 3111 1480 3164 acceleratrix
1498 3122 1553 3158 con-

1169 3201 1172 3207 ’
1184 3195 1253 3237 stans,
1271 3182 1301 3229 sit
1316 3182 1341 3227 in
1356 3188 1455 3241 utroque
1464 3176 1555 3237 liquore

1184 3246 1295 3311 equalis5
1320 3260 1375 3291 narn
1396 3242 1416 3289 si
1436 3238 1556 3301 inaequalis

1185 3322 1251 3367 esset,
1262 3310 1389 3369 pressiones
1399 3306 1476 3353 forent
1486 3302 1554 3349 iura·

1184 3376 1249 3423 tione
1264 3369 1390 3432 composita
1405 3369 1502 3421 basium,
1519 3365 1555 3413 al·

1185 3436 1321 3493 trutinum,
1338 3434 1478 3483 densitstum
1489 3439 1511 3478 et
1522 3429 1554 3475 ri·

1185 3501 1247 3551 rium
1257 3498 1381 3565 gravitatis.

1219 3566 1254 3630 (θ)
1268 3568 1339 3615 'Siva
1347 3564 1556 3629 superficicspressa

1186 3633 1215 3679 sit
1223 3630 1339 3683 horizonti,
1347 3628 1389 3673 &c
1423 3625 1559 3671 *Sumatur

262 3768 264 3775 ,
1186 3693 1275 3755 quaeris
1295 3688 1408 3753 particula
1423 3690 1484 3735 inter
1499 3686 1559 3733 duos

263 3796 264 3799 ’
298 3836 304 3848 1
340 3837 346 3848 ¹
380 3836 387 3849 ι
576 3831 583 3843 ι
1186 3759 1253 3805 orbes
1269 3752 1424 3804 conceutricos
1447 3746 1469 3799 B
1486 3751 1506 3796 F
1523 3748 1557 3802 K.

283 3844 360 3911 nisus
369 3835 515 3899 magedarum
524 3830 691 3895 particularum
699 3826 770 3875 ducta
785 3827 837 3887 (per
854 3824 905 3870 De·
938 3826 958 3875 c
970 3822 992 3871 G
1002 3822 1032 3877 1,
1044 3820 1086 3869 illa
1095 3818 1206 3879 particula
1216 3834 1257 3880 per
1267 3820 1352 3869 Casum
1362 3821 1384 3866 5.
1397 3816 1465 3874 Prop.
1478 3812 1555 3860 XIX.

283 3900 341 3946 finit.
356 3900 434 3947 VIII.
449 3900 503 3947 Lib.
518 3897 562 3957 t).
588 3893 712 3949 Qus—utitur
722 3890 823 3937 materie
833 3888 906 3949 cylin.
936 3885 1041 3949 undique
1061 3882 1178 3945 aqualiter
1198 3884 1319 3945 premitur,
1342 3896 1398 3943 ergo
1418 3892 1460 3940 per
1480 3873 1559 3922 motus

284 3963 326 4009 dro
339 3964 390 4037 BA
403 3964 427 4011 G
436 3962 456 4010 F
466 3970 575 4009 contenta
584 3968 619 4005 est
626 3967 653 4003 ut
660 3954 778 4017 cylindrus
788 3953 810 3999 B
821 3954 843 3998 A
854 3950 877 3998 G
886 3950 907 3997 F
939 3950 999 4011 Leg·
1021 3954 1044 3995 8.
1063 3946 1167 4009 undique
1183 3948 1302 4009 aequaliter
1320 3944 1415 4006 premit,
1434 3940 1559 3999 substitus.

284 4034 309 4071 et
323 4025 423 4100 densitas
441 4024 584 4101 conjunctim
604 4025 637 4085 (2.
652 4020 705 4067 Lib
720 4017 761 4076 1.),
778 4015 803 4062 id
821 4024 862 4071 est,
879 4024 906 4061 ut
937 4023 976 4062 tur
986 4012 1062 4073 itaque
1072 4010 1124 4057 loco
1139 4011 1258 4072 particulae
1274 4008 1375 4071 cujusvis
1392 4008 1452 4053 banc
1468 4002 1559 4051 contin.

285 4091 345 4135 bans
352 4089 450 4163 cyhndrr
463 4090 488 4136 D
497 4090 523 4135 E·
530 4097 554 4162 et
561 4083 722 4147 rectangulum
735 4082 758 4127 A
769 4081 825 4136 ΒΧ
838 4080 862 4126 Α
870 4078 903 4125 Κ.
938 4076 1013 4139 gentis
1023 4074 1152 4135 superficies
1167 4076 1261 4136 quaevis,
1280 4073 1327 4120 sive
1341 4068 1496 4123 horizontalis,
1513 4066 1561 4113 sive

288 4153 368 4206 Quare
378 4168 464 4227 pressio
475 4152 540 4199 flrudr
550 4148 655 4211 cylindro
667 4145 689 4193 B
703 4147 726 4192 A
739 4145 762 4191 G
775 4142 906 4190 Fcontenti
919 4169 922 4173 ·
937 4138 1138 4201 perpendicularis,
1149 4138 1197 4187 sive
1206 4138 1308 4200 obliqua,
1320 4134 1413 4197 aqualis
1424 4133 1467 4180 erit
1472 4132 1497 4178 in
1508 4144 1562 4177 eam

286 4226 321 4263 est
338 4224 366 4262 ut
380 4217 440 4262 basrs
458 4216 518 4263 DE
535 4224 558 4261 et
573 4212 674 4260 solidum
692 4212 715 4256 A
728 4209 750 4256 B
763 4214 788 4265 χ
805 4209 827 4253 A
840 4206 866 4253 K
879 4213 905 4263 χ
938 4204 1060 4264 pressioris
1070 4202 1197 4264 quantitast
1215 4219 1266 4264 crgo
1282 4203 1308 4249 in
1323 4200 1449 4263 aequalibus
1460 4214 1474 4243 a
1485 4204 1562 4243 centro

288 4283 313 4327 A
326 4279 358 4335 X,
370 4294 412 4325 seu
423 4289 451 4326 ut
460 4279 520 4326 basis
532 4279 557 4325 D
569 4278 592 4323 E
603 4285 627 4322 et
637 4272 798 4334 mergulum
811 4272 833 4315 A
847 4270 869 4316 B
880 4276 914 4326 >t
939 4270 1056 4321 macaria,
1074 4267 1115 4313 &a

289 4344 314 4389 A
328 4344 351 4389 R
361 4343 511 4405 conjunctim.
542 4339 666 4388 Dividetur
675 4346 724 4384 tots
734 4334 800 4381 fluidi
810 4332 909 4380 altitudo
972 4330 1003 4394 (f)
1017 4335 1030 4362 *
1042 4332 1203 4394 Sivejluidam
1214 4348 1228 4377 a
1239 4330 1356 4395 superficie
1362 4323 1449 4388 pressei,
1462 4324 1505 4370 &o
1537 4320 1564 4369 Si

289 4407 315 4453 D
322 4408 384 4483 Ain
395 4416 470 4481 partes
479 4407 613 4451 Innumeras
622 4411 650 4448 ut
663 4402 686 4448 A
697 4401 725 4453 B,
737 4408 760 4445 et
770 4398 813 4445 erit
822 4396 909 4456 pressio
940 4394 1039 4441 fluidum
1051 4409 1102 4441 vase
1113 4394 1195 4442 utlibet
1205 4391 1327 4459 irregulari
1339 4384 1361 4437 E
1376 4390 1396 4437 F
1408 4390 1432 4435 G
1445 4386 1471 4434 H
1484 4385 1545 4449 dgf
1549 4400 1565 4432 e

287 4469 354 4518 fluidi
370 4479 442 4545 tonus
457 4470 483 4515 in
498 4469 570 4516 basim
581 4464 680 4527 cylindri
697 4465 722 4510 D
734 4463 757 4509 E
773 4462 810 4508 vel
819 4462 845 4506 in
855 4460 910 4507 fun
942 4459 1094 4513 contineatur,
1114 4459 1173 4505 rasis
1188 4458 1291 4505 fundum
1303 4454 1330 4503 H
1341 4454 1358 4500 d
1368 4450 1490 4499 sustinebit
1505 4464 1566 4509 pon.

288 4533 347 4581 dum
357 4537 496 4595 spbaenmrm
508 4534 533 4579 D
547 4532 573 4577 H
586 4531 623 4586 M,
635 4537 662 4575 ut
672 4528 733 4575 basis
744 4526 769 4573 D
779 4524 802 4571 E
813 4524 911 4571 relfun-
942 4522 988 4575 dus
1003 4520 1108 4582 cylindri,
1127 4523 1194 4585 cujus
1209 4522 1270 4569 basis
1286 4518 1380 4581 aqualis
1391 4526 1425 4563 est
1435 4510 1566 4575 superficiei

288 4598 347 4646 dum
365 4599 390 4646 D
403 4599 431 4647 H
442 4599 472 4646 M
490 4606 515 4644 et
532 4610 587 4642 area
604 4595 630 4641 D
643 4594 666 4639 A
681 4593 705 4639 R
718 4591 739 4638 P
757 4589 906 4653 conjunctim.
940 4584 1010 4635 fundi
1021 4584 1048 4633 H
1060 4584 1083 4643 d,
1095 4594 1118 4633 et
1129 4586 1228 4635 altitudo
1240 4586 1265 4633 D
1276 4585 1299 4631 A
1310 4582 1391 4630 eadem
1400 4596 1453 4643 quse
1462 4577 1529 4626 fluidi
1539 4576 1568 4623 in

290 4662 324 4716 Q·
334 4678 354 4710 0·
363 4662 388 4709 d·
449 4731 456 4745 ο
550 4734 558 4751 ¹
942 4665 995 4697 vase
1006 4650 1114 4718 contenti
1151 4650 1241 4698 Iisdem
1251 4648 1314 4697 enim
1324 4643 1411 4708 positis,
1429 4658 1481 4707 quae
1491 4641 1517 4687 iu
1525 4639 1568 4688 do-
