3434 5500
158 417 453 493 emensum]
501 415 745 482 eumcum
774 381 1149 480 Maternum.
1390 423 1467 482 151.

156 591 190 656 D
203 591 255 656 vel
269 590 291 654 d
305 589 356 654 vel
371 589 400 653 E
422 592 464 674 (⁴)
480 601 515 653 ut
536 589 701 674 longitudo
716 591 851 669 arcusC
867 590 901 653 D
923 589 972 651 vel
990 589 1017 653 C
1032 588 1054 652 d
1068 589 1118 652 ¹vel
1136 588 1164 652 C
1180 574 1219 651 Β.
1266 587 1451 673 Exponatur

156 698 200 761 vis
215 697 270 760 illa
283 718 341 780 per
355 695 492 760 eundem
506 717 611 760 arcum
621 721 630 772 3
642 708 678 760 'et
689 718 765 760 cum
779 695 955 759 resistentia
970 695 1010 757 sit
1023 706 1059 757 ut
1081 707 1276 758 momentum
1291 695 1448 778 temporis,

151 804 290 890 ideoque
303 802 404 880 detur,
428 816 605 887 exponatur
619 804 729 868 eadem
742 826 806 889 per
815 804 921 868 datam
935 825 1025 866 arcus
1047 803 1195 888 cycloidis
1217 817 1339 886 purtem
1363 803 1391 866 C
1407 799 1449 880 O,

156 923 188 975 et
202 921 342 974 sumatur
356 932 447 973 arcus
463 909 497 985 Q
509 910 532 974 d
545 910 710 974 iuratione
725 911 765 974 ad
780 933 890 974 arcum
906 911 934 973 C
948 909 983 974 D
999 933 1092 995 quam
1102 909 1198 994 habet
1212 931 1302 972 arcus
1319 908 1350 972 Ο
1367 909 1395 972 Β
1410 909 1451 972 ad

155 1040 263 1082 arcum
280 1018 308 1081 C
325 1017 373 1080 Bc
395 1028 428 1080 et
438 1017 483 1080 vis
499 1015 560 1102 quei
576 1039 691 1102 corpus
705 1018 739 1080 in
753 1018 776 1081 d
789 1029 920 1104 urgetur
941 1020 975 1081 in
996 1018 1101 1082 medio
1116 1019 1290 1095 resistente,
1318 1039 1390 1081 cum
1412 1019 1451 1080 sit

126 1112 129 1122 Ι
155 1150 302 1194 excessus
324 1128 427 1193 vis›·C
445 1128 469 1192 d
492 1110 587 1212 supra
611 1129 819 1193 resistentiam
846 1128 933 1205 CO,
960 1140 1135 1213 exponetur
1156 1150 1214 1212 per
1238 1149 1346 1190 arcum
1371 1128 1404 1192 Ο
1418 1129 1449 1206 d,

155 1236 290 1321 ideoque
305 1235 366 1298 erit
378 1235 420 1297 ad
434 1235 506 1312 vim,
523 1235 585 1322 qui
600 1256 715 1321 corpus
731 1238 765 1301 D
780 1248 910 1323 urgetur
924 1238 958 1299 in
973 1237 1077 1300 medio
1092 1259 1157 1300 non
1169 1236 1330 1300 resistente
1339 1237 1372 1299 in
1382 1236 1451 1300 loco

156 1345 200 1422 D,
218 1353 256 1407 ut
270 1363 362 1426 arcus
378 1341 446 1406 Od
460 1342 502 1406 ad
515 1364 624 1408 arcum
641 1343 669 1408 O
684 1344 738 1420 D;
761 1355 793 1408 et
806 1355 975 1429 propterea
989 1343 1082 1409 etiam
1104 1344 1138 1407 in
1159 1344 1230 1406 loco
1253 1343 1281 1406 Β
1305 1357 1340 1407 ut
1361 1365 1451 1408 arcus

161 2861 192 2925 0
209 2862 237 2925 Β
252 2862 293 2925 ad
308 2882 417 2925 arcum
433 2860 462 2923 C
480 2859 517 2922 Β.
566 2856 704 2923 Proinde
719 2858 746 2919 si
760 2876 894 2939 corpora
909 2854 983 2931 duo,
1000 2854 1044 2931 D,
1055 2854 1084 2918 'd
1100 2870 1215 2920 exeant
1228 2858 1269 2921 de
1283 2858 1355 2921 loco
1371 2859 1409 2935 Β,
1426 2869 1458 2921 et

159 2967 207 3031 his
231 2968 350 3032 viribus
371 2978 559 3055 urgeantur:
586 2986 659 3028 cum
681 2966 762 3029 vires
784 2965 843 3027 sub
866 2963 955 3026 initio
977 2962 1040 3026 sint
1054 2975 1090 3028 ut
1104 2987 1195 3028 arcus
1213 2966 1240 3029 C
1258 2967 1286 3030 Β
1308 2978 1340 3030 et
1363 2953 1457 3039 OB;

161 3074 196 3156 (¹)
212 3087 305 3137 erunt
329 3072 507 3137 velocitates
530 3070 641 3157 primae
665 3083 697 3134 et
721 3092 813 3133 arcus
838 3069 941 3153 primo
966 3068 1114 3153 descripti
1137 3071 1170 3132 in
1192 3069 1301 3134 eidem
1324 3072 1455 3137 ratione.

161 3179 263 3244 Sunto
279 3202 370 3243 arcus
385 3179 431 3242 illi
447 3180 476 3243 B
490 3180 536 3255 D,
553 3190 585 3241 et
600 3178 629 3241 B
645 3176 678 3253 d,
694 3198 785 3240 arcus
801 3173 913 3260 reliqui
931 3173 958 3237 C
974 3175 1018 3251 D,
1037 3174 1212 3239 Oderunt
1231 3177 1264 3238 in
1284 3175 1394 3240 eddem
1409 3200 1458 3241 ra-

160 3287 253 3351 tione.
300 3288 439 3353 Proinde
453 3289 545 3365 vires,
569 3286 644 3370 ipsis
661 3286 690 3349 C
704 3286 749 3363 D,
768 3285 799 3350 0
814 3284 837 3347 d
850 3282 1100 3369 proportionales
1115 3283 1286 3363 manebunt
1300 3286 1333 3347 in
1348 3285 1458 3349 eidem

160 3395 281 3458 ratione
297 3417 334 3458 ac
349 3395 407 3457 sub
422 3395 521 3471 initio,
535 3405 568 3457 et
580 3403 748 3477 propterea
761 3411 895 3475 corpora
909 3400 1043 3477 pergent
1057 3411 1147 3453 arcus
1162 3372 1202 3452 in⁸
1218 3390 1325 3454 eidem
1338 3393 1458 3456 ratione

161 3502 253 3565 simul
281 3502 466 3566 describere.
513 3500 616 3588 Igitur
638 3500 720 3563 vires
742 3511 773 3564 et
795 3499 974 3563 velocitates
997 3510 1029 3561 et
1043 3520 1133 3562 arcus
1156 3500 1267 3585 reliqui
1284 3500 1311 3563 C
1328 3501 1371 3576 D,
1390 3500 1458 3565 Od

162 3591 285 3691 semper
310 3620 403 3672 erunt
427 3619 463 3671 ut
488 3629 579 3671 arcus
604 3606 662 3669 toti
688 3606 715 3669 C
734 3606 771 3682 Β,
800 3605 888 3681 OB,
914 3615 945 3668 et
969 3616 1138 3690 propterea
1161 3627 1250 3668 arcus
1274 3606 1320 3668 illi
1345 3606 1457 3693 reliqui

162 3714 199 3797 (¹)
215 3712 310 3778 simul
324 3714 549 3778 describentur.
596 3712 705 3793 Quare
720 3734 854 3795 corpora
868 3710 932 3774 duo
948 3711 992 3787 D,
1005 3711 1027 3774 d
1039 3710 1129 3774 simul
1140 3713 1323 3795 pervenient
1337 3713 1378 3776 ad
1390 3713 1459 3777 loca

142 3806 146 3813 ¹
162 3819 190 3882 C
204 3831 237 3883 et
252 3819 294 3897 Ο,
309 3820 443 3884 alterum
458 3820 585 3907 quidem
600 3820 633 3884 in
647 3821 753 3885 medio
767 3844 832 3884 non
847 3822 1009 3885 resistente
1031 3822 1073 3885 ad
1093 3822 1198 3886 locum
1215 3823 1253 3900 C,
1279 3836 1310 3887 et
1325 3824 1458 3888 alterum

161 3926 194 3989 in
207 3926 313 3990 medio
326 3929 488 3992 resistente
503 3929 545 3992 ad
559 3928 662 3991 locum
681 3928 722 3992 Ο.
769 3927 852 3991 Cum
875 3940 980 3992 autem
1002 3928 1180 3993 velocitates
1203 3929 1236 3992 in
1259 3930 1335 3996 Cet
1351 3931 1382 3996 0
1398 3932 1460 3995 sint

161 4045 197 4096 ut
210 4055 302 4098 arcus
320 4034 347 4098 C
364 4034 403 4111 B,
421 4034 452 4098 Ο
469 4035 517 4110 Β;
541 4045 634 4097 erunt
655 4056 757 4111 arcus,
783 4056 862 4119 quos
884 4057 1017 4119 corpora
1038 4034 1168 4098 ulterius
1183 4037 1345 4123 pergendo
1368 4038 1460 4101 simul

161 4141 352 4218 describunt,
369 4141 404 4226 (²)
420 4142 453 4203 in
468 4139 579 4207 eedem
593 4141 724 4205 ratione.
770 4142 872 4205 Sunto
886 4141 933 4203 illi
949 4142 976 4205 C
993 4142 1022 4206 E
1038 4153 1069 4205 et
1085 4142 1116 4207 0
1131 4166 1158 4206 e.
1197 4143 1254 4207 Vis
1270 4144 1331 4231 quai
1347 4168 1459 4231 corpus

195 4313 231 4374 (¹)
247 4316 490 4375 Utlongitadooroar,
499 4316 542 4362 &a
564 4314 611 4361 Per
621 4313 799 4361 demonntratio-
830 4329 873 4374 per
886 4314 906 4362 C
919 4314 942 4361 B
953 4313 982 4363 ed
996 4314 1019 4362 0
1033 4316 1063 4373 Β,
1075 4323 1103 4362 ut
1116 4315 1135 4363 C
1149 4317 1175 4364 D
1186 4316 1216 4363 ad
1229 4318 1252 4366 0
1264 4317 1281 4364 d
1286 4336 1294 4376 ;
1311 4326 1461 4364 evanescente

164 4392 219 4426 nem
231 4378 304 4437 Prop
318 4378 365 4425 Ll.
379 4387 403 4423 et
415 4378 469 4425 Cor.
485 4384 507 4424 2.
523 4379 594 4439 Prop.
610 4378 673 4425 Lll.
689 4378 743 4424 Lib.
759 4378 780 4425 1.
831 4394 888 4425 arcu
901 4378 924 4426 0
935 4378 959 4434 d,
971 4388 1091 4425 evanescet
1101 4380 1171 4426 etiam
1182 4396 1250 4428 arcus
1263 4383 1283 4430 C
1294 4382 1328 4437 D,
1338 4395 1460 4439 seupunc-

195 4442 230 4504 (¹)
242 4446 256 4473 *
269 4445 486 4490 Eruntoelocitotes
494 4445 586 4503 primu,
598 4444 642 4489 &a
663 4440 798 4498 Nam,dnto
830 4450 883 4488 tum
894 4442 910 4488 d
921 4458 976 4489 cum
989 4442 1021 4498 0,
1036 4452 1060 4489 et
1071 4444 1097 4491 D
1108 4458 1163 4491 cum
1175 4446 1195 4493 C
1206 4446 1277 4491 simul
1287 4444 1424 4491 coincident.

161 4506 273 4565 temporis
290 4516 419 4561 momento,
441 4506 573 4553 velocitates
589 4504 676 4568 genitae
693 4514 750 4553 aunt
764 4514 793 4553 ut
864 4505 897 4569 (ἲ)
910 4510 924 4536 ⁴
936 4504 1056 4554 Ineddem
1067 4510 1161 4556 ratione.
1201 4509 1262 4555 Sunt
1278 4508 1341 4555 enim
1352 4508 1460 4557 velocita’-

162 4568 462 4680 'Dlffl'll'bl‘
476 4570 594 4695 ppo·
614 4570 730 4632 aaa
747 4572 800 4633 (μ’
831 4570 1462 4684 Βῗὲἳῗᾴῗοᾚῗέἔῗὲῖῒῖἒὲἓῑέῗοῗρὲ

195 4696 255 4761 (⁸)-0
267 4700 346 4747 Simul
356 4699 521 4746 describentur.
547 4696 798 4753 Quirenimestsem-
831 4697 926 4745 sistente
938 4698 1002 4762 (11.)
1155 4653 1170 4699 q

702 4778 841 4867 'Kc
