3434 5500
283 354 514 419 mez
546 354 877 435 Saeuum]
941 351 1428 421 PRINCIPIA
1473 352 2223 424 MATHEMATICA.
2743 375 2870 437 257

277 526 549 589 frustum
578 525 736 590 illud
765 525 1132 591 secundum.
1227 528 1523 593 Frustum
1566 530 1760 618 igitur
1803 532 1845 596 d
1876 554 1912 595 e
1942 531 2038 619 fg
2079 533 2243 598 inter
2288 553 2516 599 conum
2564 536 2626 603 A
2655 538 2700 601 d
2729 562 2765 603 e
2807 551 2874 605 et

275 632 546 697 frustum
574 632 672 697 fh
701 634 724 695 i
752 656 799 720 g
828 635 1261 719 comprImitur
1305 637 1615 723 utrinque,
1668 649 1732 701 et
1774 652 2109 722 propterea
2150 645 2291 725 (per
2323 641 2534 706 Corol.
2568 653 2627 707 6.
2677 644 2868 730 Prop.

279 742 508 825 XIX.)
550 744 818 831 figuram
848 767 1020 808 suam
1052 767 1297 809 servare
1326 747 1559 842 nequit,
1595 747 1714 809 nisi
1743 747 1805 809 vi
1836 748 2057 812 eadem
2085 750 2534 834 comprImatur
2564 752 2864 839 undique.

282 851 528 918 Eodem
576 854 769 942 igitur
818 854 1057 938 impetu
1109 876 1234 949 quo
1276 852 1582 938 premitur
1622 856 1688 917 in
1735 856 2181 945 superficiebus
2211 858 2255 934 d
2286 882 2341 936 e,
2373 859 2488 947 fg,
2544 860 2871 924 conabitur

276 960 500 1030 cedere
529 961 613 1026 ad
638 961 835 1055 latera
876 962 921 1027 d
948 962 991 1041 f,
1039 986 1076 1028 e
1102 985 1181 1050 g3
1230 962 1463 1050 ubique
1509 962 1680 1049 (cum
1725 966 2001 1052 rigidum
2029 990 2163 1034 non
2204 968 2302 1047 sit,
2349 969 2460 1035 sed
2503 970 2868 1038 omnimodo

259 2759 557 2842 fluidum)
604 2772 895 2825 excurret
922 2783 997 2825 ac
1026 2759 1402 2837 dilatabitur,
1448 2759 1570 2823 nisi
1598 2759 1864 2824 fluidum
1894 2759 2175 2823 ambiens
2206 2756 2386 2836 adsit,
2435 2766 2562 2845 quo
2588 2771 2858 2826 conatus

263 2869 384 2935 iste
417 2871 802 2934 cohibeatur.
868 2869 1145 2935 Proinde
1176 2880 1405 2934 conatu
1435 2868 1830 2945 excurrendi,
1863 2880 2107 2952 premet
2128 2879 2253 2931 tam
2284 2866 2546 2931 fluidum
2573 2870 2860 2934 ambiens

264 2976 349 3040 ad
377 2976 577 3040 latera
608 2977 652 3039 d
681 2975 723 3053 f,
758 2999 793 3040 e
823 3000 868 3062 g
897 2998 1085 3061 quam
1114 2975 1383 3038 frustum
1414 2974 1447 3036 f
1465 2998 1508 3060 g
1536 2975 1582 3037 h
1612 2975 1633 3036 i
1663 2975 1885 3039 eodem
1916 2974 2192 3057 impetu3
2224 2985 2288 3036 et
2314 2987 2653 3057 propterea
2679 2998 2860 3060 pres-

264 3085 362 3147 sio
405 3105 535 3147 non
584 3083 790 3149 minus
823 3083 1272 3169 propagabitur
1302 3106 1338 3145 a
1367 3081 1662 3145 lateribus
1693 3081 1737 3142 d
1766 3079 1808 3157 f,
1843 3103 1878 3143 e
1905 3104 1950 3166 g
1979 3081 2043 3141 in
2077 3079 2276 3163 spatia
2307 3078 2374 3143 N
2405 3079 2488 3158 Ο,
2526 3082 2590 3146 K
2630 3083 2680 3146 L
2711 3083 2860 3147 hinc

259 3189 432 3266 inde,
466 3210 653 3274 quam
682 3200 1065 3275 propagatur
1094 3212 1132 3255 a
1161 3187 1487 3271 superficie
1515 3186 1609 3274 fg
1639 3208 1854 3250 versus
1889 3187 1944 3249 P
1976 3185 2060 3261 Q.
2153 3185 2240 3261 Q.
2272 3207 2327 3248 e.
2360 3183 2424 3247 d.

628 3440 1198 3506 PROPOSITIO
1244 3441 1469 3505 XLII.
1561 3440 2107 3506 THEOREMA
2152 3439 2502 3504 XXXIII.

254 3619 475 3684 Motus
524 3623 713 3685 omnis
750 3643 871 3705 per
893 3624 1165 3708 fluidum
1204 3633 1585 3706 propagatus
1636 3623 1898 3707 divergit
1942 3644 1984 3684 a
2033 3630 2194 3685 recto
2237 3624 2482 3686 tramite
2531 3623 2598 3684 in
2647 3625 2855 3704 spatia

1434 3736 1692 3796 immota.

356 3917 494 3980 CaS.
532 3924 589 3979 1.
654 3916 1048 4003 Propagetur
1092 3926 1299 3978 motus
1330 3939 1368 3977 a
1394 3927 1631 3999 puncto
1672 3916 1736 3979 A
1779 3937 1894 4000 per
1936 3913 2216 3979 foramen
2264 3914 2320 3978 B
2355 3914 2430 3991 C,
2485 3925 2853 4001 pergatque,

250 4022 310 4087 si
343 4021 486 4085 fieri
513 4033 739 4105 potest,
786 4022 853 4084 in
883 4022 1086 4106 spatio
1117 4021 1337 4085 conico
1384 4022 1441 4085 Β
1475 4021 1531 4085 C
1563 4022 1629 4098 Q
1664 4023 1738 4098 P,
1794 4022 2138 4086 secundum
2178 4021 2373 4084 lineas
2418 4033 2618 4085 rectas
2649 4022 2858 4086 diver-

246 4140 479 4216 gentes
510 4151 547 4191 a
575 4140 814 4212 puncto
844 4129 927 4192 A.
1018 4129 1106 4192 Et
1133 4150 1441 4212 ponamus
1480 4130 1686 4214 primo
1727 4129 1900 4215 quod
1943 4129 2018 4212 (θ’)
2052 4140 2256 4192 motus
2289 4128 2405 4191 iste
2437 4128 2517 4192 sit
2546 4128 2858 4191 undarum

246 4236 321 4299 in
364 4233 691 4318 superficie
748 4236 1091 4322 stagnantis
1144 4257 1341 4321 aquae.
1435 4236 1697 4322 Sintque
1748 4235 1792 4298 d
1823 4259 1878 4312 e,
1910 4235 2026 4322 fg,
2059 4234 2105 4296 h
2133 4234 2173 4312 i,
2217 4233 2332 4310 kl,
2381 4235 2496 4298 διο.
2546 4233 2856 4297 undarum

321 4402 396 4470 (¹)
424 4407 581 4453 Motus
604 4409 688 4454 iste
709 4410 766 4455 sie
788 4412 1049 4460 undarum,
1075 4409 1159 4456 διο.
1200 4408 1288 4455 vis
1309 4409 1531 4470 quaelibet
1593 4417 1689 4456 tem
1710 4407 1996 4469 replendam,
2020 4407 2190 4468 partim
2210 4406 2261 4454 in
2284 4407 2471 4469 plagam
2504 4404 2762 4466 oppositam
2782 4404 2853 4451 fe-

249 4472 482 4519 deorsum
505 4469 681 4516 directa
702 4471 753 4516 in
776 4472 1071 4531 superficiem
1105 4473 1364 4535 stagnantis
1397 4489 1530 4534 aqum
1595 4483 1738 4529 retur,
1773 4482 1822 4519 et
1853 4473 2086 4519 celeritate
2102 4471 2313 4518 cadendo
2334 4469 2556 4532 acquisita
2576 4484 2743 4516 novam
2776 4483 2852 4519 ca.-

248 4543 371 4599 agat
391 4533 442 4578 in
468 4534 522 4586 A,
550 4543 595 4580 et
610 4535 804 4581 cavitate
820 4535 959 4590 facta,
984 4547 1121 4598 cogat
1137 4553 1306 4599 aquam
1325 4537 1528 4584 circum·
1594 4538 1781 4583 vitatem
1804 4537 2039 4594 formabit,
2062 4547 2202 4598 atque
2217 4534 2284 4582 ita
2300 4535 2517 4594 deinceps
2533 4532 2674 4580 undae
2694 4541 2853 4579 motus

248 4613 447 4662 quaque
469 4598 729 4654 ascendere,
754 4616 876 4661 aqua
897 4600 1073 4647 elevata
1086 4600 1130 4645 vi
1153 4602 1351 4662 propriae
1374 4603 1525 4664 gravi·
1589 4617 1673 4662 per
1705 4601 2017 4647 successivum
2052 4615 2296 4649 ascensum
2317 4609 2364 4647 et
2384 4599 2660 4647 descensum
2682 4611 2849 4658 propa·

248 4663 367 4712 tatis
386 4661 716 4710 descendendo
736 4664 903 4726 partim
926 4664 1093 4712 refluet
1112 4665 1164 4711 in
1185 4667 1248 4724 A,
1272 4666 1333 4713 ad
1355 4666 1526 4714 cavita-
1590 4665 1778 4728 gabitur
1798 4666 1850 4712 in
1871 4667 2050 4714 orbem.

329 4746 454 4793 VoL.
469 4745 513 4794 „1
523 4745 563 4793 1.
1541 4749 1591 4797 R.

3374 611 3391 760 -—-„-z.
3374 528 3387 597 -Am,
3382 471 3385 513 -.
3376 319 3383 461 ,—-„
