3434 5500
276 434 315 490 n
582 379 923 490 rnruosorr'nru
946 419 1217 490 aaronitas
1283 421 1543 501 [noscam

270 613 334 664 tas:
352 598 391 683 (ἁ)
407 597 465 660 erit
479 595 711 660 decrementum
725 595 896 660 velocitatis
911 594 1042 680 singulis
1056 593 1204 678 temporis
1219 592 1378 677 particulis
1391 603 1428 656 ut
1441 593 1552 656 eadem

270 706 426 771 velocitas.
472 705 552 768 Sunt
566 726 642 790 ergo
656 703 833 767 velocitates
848 701 1031 766 differentiis
1046 699 1110 764 sois
1124 701 1385 785 proportionales,
1409 711 1441 765 et
1454 722 1552 785 prop-

268 827 353 878 terea
377 819 446 898 (per
461 813 550 876 Lern.
567 814 595 877 Ι.
612 812 682 875 Lib.
700 813 759 893 ΙΙ.)
782 810 928 875 continue
949 811 1209 896 proportionales.
1254 813 1292 896 (θ)
1316 810 1454 874 Proinde
1469 811 1495 873 si
1509 832 1553 874 ex

267 923 381 1008 aequali
405 920 629 1006 particularum
651 942 782 984 numero
805 933 1034 1004 componantur
1058 931 1202 1003 tempora
1228 920 1377 1004 quaelibet
1404 919 1548 1005 aequalia,

268 1041 360 1093 erunt
374 1029 550 1093 velocitates
565 1028 638 1112 ipsis
661 1040 838 1111 temporum
860 1026 965 1104 initis,
992 1039 1028 1091 ut
1047 1028 1174 1090 termini
1188 1027 1222 1089 in
1236 1027 1455 1114 progressione
1475 1049 1552 1090 con·

268 1135 364 1212 tinub,
388 1135 441 1220 qui
462 1155 520 1220 per
541 1133 655 1198 saltum
670 1133 834 1218 capiuntur
848 1133 964 1196 omisso
979 1120 1095 1215 passim
1109 1133 1222 1228 oequali
1237 1133 1441 1196 terminorum
1455 1133 1552 1198 inter·

211 1304 213 1317 ,
266 1243 441 1307 mediorum
456 1265 596 1306 numero.
643 1239 884 1327 Componuntur
898 1253 1002 1305 autern
1016 1239 1130 1303 horum
1143 1238 1349 1303 terminorum
1363 1239 1498 1302 rationes
1508 1262 1551 1302 ex

266 1349 437 1413 rationibus
452 1349 533 1412 inter
549 1371 582 1412 se
597 1347 707 1412 iisdem
721 1347 925 1410 terminorum
947 1345 1202 1410 intermediorum
1215 1344 1385 1431 ‘aequaliter
1399 1347 1548 1430 repetitis,

266 1469 298 1522 et
311 1468 477 1542 propterea
492 1477 537 1520 eae
551 1477 676 1546 quoque
691 1456 826 1518 rationes
842 1454 1023 1538 compositae
1037 1454 1120 1518 inter
1135 1475 1168 1516 se
1182 1452 1301 1516 eaedem
1317 1439 1401 1516 subt.
1448 1452 1549 1539 Igitur

237 1619 242 1630 .
265 1565 452 1641 velocitates,
467 1564 516 1628 his
532 1563 671 1628 terminis
686 1563 944 1647 proportionales,
970 1573 1044 1626 sunt
1057 1561 1090 1624 in
1104 1561 1324 1650 progressione
1346 1562 1545 1649 geometrici.

267 1672 453 1737 Minuantur
462 1673 529 1757 jam
544 1671 679 1758 aequales
694 1673 755 1736 illae
770 1683 948 1756 temporum
957 1671 1137 1755 particulam
1160 1684 1192 1736 et
1207 1684 1357 1758 augeatur
1368 1694 1475 1735 earum
1489 1695 1548 1734 nu-

264 1805 368 1848 merus
383 1783 416 1845 in
430 1782 597 1860 infinitum,
614 1781 652 1845 eb
668 1793 703 1846 ut
709 1783 899 1860 ,resistentie
913 1781 1064 1867 impulsus
1080 1781 1229 1846 reddatur
1244 1783 1427 1859 continuus3
1451 1795 1482 1847 et
1495 1805 1548 1846 ve-

263 1889 403 1954 locitates
428 1889 462 1952 in
487 1889 647 1974 principiis
671 1890 838 1975 aequalium
864 1902 1050 1973 temporum,
1085 1911 1206 1972 semper
1236 1891 1383 1954 continui
1413 1914 1546 1976 propor-

264 2000 405 2076 tionales,
423 2010 515 2064 erunt
528 2001 561 2060 in
575 1997 636 2060 hoc
651 1998 745 2061 etiam
759 2020 834 2060 casu
848 1997 994 2060 continue
1009 1998 1267 2084 proportionales.
1313 2000 1355 2074 Q.
1370 2023 1398 2063 e.
1413 2001 1445 2063 d.

309 2109 379 2171 Cas.
396 2114 428 2172 2.
453 2105 496 2170 Et
510 2105 633 2168 divisim
646 2104 845 2168 velocitatum
866 2103 1059 2181 differentiae,
1086 2104 1149 2167 hoc
1163 2116 1219 2183 est,
1243 2129 1349 2170 earum
1365 2120 1468 2190 partes
1482 2108 1547 2170 sin-

262 2212 345 2300 gulis
360 2211 551 2296 temporibus
566 2213 698 2288 amissae,
725 2226 797 2274 sunt
810 2223 847 2275 ut
861 2223 953 2274 totae:
977 2213 1076 2296 spatia
1090 2226 1194 2276 autem
1209 2213 1339 2299 singulis
1354 2216 1547 2298 temporibus

263 2321 418 2406 descripta
441 2333 514 2384 sunt
538 2331 572 2383 ut
596 2320 797 2383 velocitatum
820 2331 925 2402 partes
951 2319 1071 2382 anrissae
1095 2323 1165 2403 (per
1181 2319 1277 2404 Prop.
1294 2320 1320 2384 Ι.
1338 2321 1410 2384 Lib.
1426 2322 1486 2403 ΙΙ.)
1509 2335 1543 2386 et

261 2443 427 2516 propterea
441 2430 534 2493 etiam
548 2441 584 2493 ut
598 2439 682 2493 totae.
728 2427 770 2506 Q.
787 2449 813 2492 c.
829 2427 861 2490 d.

308 2563 406 2624 Corol.
446 2559 535 2654 Hinc
550 2559 578 2622 si
592 2557 773 2643 asymptotis
788 2556 977 2644 rectangulis
1000 2560 1031 2620 A
1048 2556 1087 2634 C,
1105 2557 1136 2620 C
1149 2557 1189 2622 H
1212 2557 1413 2624 describetur
1430 2561 1546 2647 hyper-

261 2667 334 2730 bola
349 2667 378 2730 B
394 2667 436 2744 G,
462 2666 585 2749 sintque
601 2665 632 2728 A
648 2664 687 2739 B,
704 2663 738 2727 D
756 2662 788 2726 G
814 2662 855 2724 ad
881 2675 1078 2747 asymptoton
1104 2663 1135 2726 A
1151 2663 1182 2726 C
1204 2664 1485 2747 perpendiculares
1513 2684 1546 2736 et

263 2788 438 2861 exponatur
462 2786 531 2837 tum
550 2772 690 2856 eorporis
701 2770 846 2834 velocitas
857 2780 924 2833 tum
939 2770 1112 2834 resistentia
1125 2771 1230 2849 medii,
1246 2773 1316 2856 ipso
1330 2787 1432 2839 motus
1443 2777 1543 2885 irritio,

297 3032 330 3097 (⁴¹)
349 3034 362 3062 ⁸
380 3033 435 3080 En't
453 3034 624 3079 decrementum
642 3030 769 3077 reluctatis.
793 3027 848 3092 (15)
865 3036 893 3074 ut
924 3028 986 3075 sier
998 3028 1080 3090 equali
1091 3028 1256 3089 particularum
1267 3046 1366 3080 numero
1376 3044 1546 3094 componantur

222 3116 224 3121 ·
264 3094 392 3144 resistentia
404 3098 434 3142 ob
445 3096 525 3141 datum
537 3092 647 3153 temporis
656 3100 809 3148 momentum,
826 3090 893 3137 ided-
924 3101 1028 3149 tempora
1049 3092 1158 3155 quaelibet
1180 3094 1286 3156 aqualia,
1310 3104 1339 3143 ut
1364 3098 1386 3143 A
1406 3099 1437 3155 E,
1461 3100 1484 3145 Ε
1508 3100 1544 3157 Η,

261 3176 308 3223 que
320 3161 371 3221 (per
381 3159 449 3219 hyp.)
461 3167 488 3204 ut
498 3158 613 3204 velocitas.
923 3154 949 3201 H
964 3155 997 3211 Κ,
1014 3160 1057 3204 διε.
1075 3165 1145 3203 eruut
1159 3158 1291 3205 velocitates
1309 3161 1333 3206 A
1346 3160 1376 3217 L,
1394 3162 1417 3209 E
1431 3162 1459 3219 P,
1479 3162 1544 3220 HS,

266 3219 891 3349 ,transreninarum
919 3219 1546 3349 ..dmm

259 3392 262 3397 Ι
1121 3356 1167 3405 tur,
1187 3350 1274 3396 omisso
1294 3352 1381 3409 passim
1397 3354 1479 3415 aquali
1498 3363 1544 3399 ter-

1120 3412 1239 3459 minorum
1263 3413 1454 3463 inremediorum
1473 3418 1495 3463 B
1507 3419 1545 3475 M,

1123 3474 1241 3533 CN,&c
1267 3487 1291 3523 et
1314 3479 1334 3524 F
1355 3480 1387 3533 Q,
1408 3482 1430 3527 G
1449 3482 1479 3534 R,
1503 3484 1547 3529 dac.

1121 3553 1229 3587 nurnero.
1267 3542 1449 3602 Componuntur
1466 3555 1546 3591 autern

1120 3602 1205 3649 horum
1223 3604 1376 3653 terminorum
1396 3610 1417 3653 A
1431 3609 1461 3664 L,
1478 3609 1501 3654 E
1515 3608 1545 3665 P,

1123 3666 1150 3713 ll
1163 3668 1187 3717 S.
1198 3668 1241 3714 Aac.
1258 3668 1357 3716 rationes
1372 3686 1400 3717 er
1417 3672 1547 3733 aequalibus

1121 3730 1252 3779 rationibus
1267 3734 1419 3780 terminorum
1436 3736 1546 3783 interme-

1122 3792 1215 3839 diorum
1238 3796 1358 3857 aequaliter
1374 3799 1489 3858 repetitis3
1509 3801 1547 3845 ni·

1123 3858 1210 3903 mirum
1222 3859 1282 3906 ratio
1294 3861 1318 3907 A
1331 3861 1354 3908 L
1364 3862 1395 3908 ed
1407 3863 1429 3909 E
1441 3862 1469 3917 P,
1481 3878 1547 3911 com·

1123 3921 1546 3982 pariturexrationibusALadBM,

1125 3986 1147 4031 Β
1162 3986 1189 4031 Μ
1199 3986 1258 4034 auc
1269 3988 1301 4044 N,
1308 3989 1351 4033 &a
1362 4002 1415 4049 quae
1421 3999 1471 4038 tum
1479 4006 1548 4053 mag-

1122 4048 1238 4105 nitudine,
1261 4060 1313 4097 tum
1332 4066 1432 4099 numam
1448 4056 1549 4117 aquales

1123 4122 1180 4158 sunt
1198 4114 1326 4161 redonibus
1348 4116 1371 4161 Ε
1390 4117 1412 4163 Ρ
1428 4118 1458 4163 ad
1476 4119 1497 4164 P
1515 4121 1549 4175 Q,

1129 4174 1150 4222 F
1172 4177 1197 4229 Q
1214 4178 1245 4223 ad
1258 4178 1281 4224 G
1301 4179 1333 4235 R,
1351 4182 1394 4227 lic.
1415 4183 1551 4242 exquibus

271 4226 574 4294 ABCDEFG
633 4224 664 4277 H
804 4228 836 4280 K
868 4277 879 4298 ο
1037 4254 1058 4303 z
1128 4242 1549 4303 componiturratquPadSH,

284 4358 313 4369 ..
746 4358 753 4369 .
1128 4302 1288 4363 etitiporrd.
1326 4306 1552 4362 QuareratioAL

265 4357 348 4415 divisa,
365 4366 466 4417 exponat
480 4366 580 4418 tempus,
600 4366 624 4404 et
642 4358 807 4417 perpendicula
825 4359 847 4405 A
861 4359 892 4417 L,
924 4359 955 4406 ad
966 4360 989 4407 E
1003 4360 1131 4422 Puqnalis
1140 4376 1176 4413 est
1185 4369 1269 4414 rationi
1281 4369 1304 4415 E
1316 4370 1339 4417 P
1348 4372 1378 4418 ad
1392 4372 1418 4418 H
1432 4374 1456 4429 S,
1468 4381 1492 4419 et
1500 4374 1553 4421 haec

249 4447 254 4451 -
266 4422 288 4467 Β
299 4423 336 4479 Μ,
352 4423 372 4469 C
383 4424 414 4479 N,
422 4423 464 4467 &a
478 4430 595 4480 exponant
605 4422 736 4469 velocitates
746 4423 802 4482 ipsis
812 4422 893 4483 singu·
925 4424 1021 4483 aqualis
1032 4427 1115 4473 rationi
1129 4430 1155 4475 Η
1171 4431 1228 4477 Sed
1239 4432 1262 4477 K
1276 4432 1305 4478 T.
1340 4434 1497 4483 Manifestum
1507 4454 1551 4485 au·

262 4483 341 4532 lorum
362 4496 493 4545 temporum
507 4486 529 4531 A
541 4485 571 4540 B,
590 4484 612 4531 B
627 4486 654 4539 C,
669 4486 688 4533 C
701 4486 733 4540 D,
745 4488 787 4532 &c
805 4486 893 4545 initiis;
925 4496 973 4533 tem
983 4497 1018 4534 est
1030 4489 1084 4551 (38)
1096 4507 1190 4540 curvam
1204 4496 1226 4541 L
1238 4496 1268 4542 M
1281 4497 1305 4542 N
1318 4498 1334 4545 S
1347 4500 1375 4553 Τ,
1388 4501 1418 4547 ad
1428 4515 1498 4561 quam
1506 4512 1553 4548 ter.

251 4564 253 4582 =
266 4562 335 4595 erunt
359 4553 397 4611 (ex
418 4548 503 4609 nem.)
525 4548 657 4594 velocitates
674 4548 720 4596 illae
735 4549 761 4595 in
782 4550 895 4597 continui
925 4551 1045 4598 minantur
1055 4557 1221 4616 perpendicula
1231 4562 1310 4609 omnia
1321 4563 1346 4611 A
1357 4564 1381 4611 L
1402 4566 1425 4611 B
1436 4566 1466 4613 Μ
1488 4566 1508 4613 C
1519 4567 1544 4614 N

264 4612 584 4703 progressione-geometrici
603 4612 756 4661 decrescente.
791 4612 895 4662 Proinde
925 4614 968 4661 dac.
981 4631 1031 4664 esse
1041 4617 1232 4682 logarithmicam.
1380 4597 1388 4621 ⁹
1466 4599 1475 4622 '
1543 4600 1551 4625 s
