3434 5500
277 418 341 477 284
399 434 409 441 ·
598 404 948 481 PHILOSOPHIAE,
961 403 1232 471 NATURALIS
1286 404 1396 483 [Mos.
1409 404 1561 469 Consors.

271 581 439 634 musmonem,
455 576 513 625 dum
528 576 554 623 in
567 575 685 637 portiones
695 574 815 623 oltedoees
830 572 901 622 medii
933 572 991 621 time
1002 570 1056 619 verri
1061 570 1142 631 portio
1148 570 1287 619 celeritatem
1296 572 1497 631 antepenultima,
1508 572 1562 630 Aa,

279 643 406 690 celeritates
417 642 493 702 primo
508 649 607 699 recepte
622 647 787 701 propagantur,
802 636 902 697 ideoque
933 644 1013 696 postea
1022 635 1094 681 altero
1105 634 1214 694 temporis
1230 634 1352 681 intervallo
1362 636 1392 681 ad
1403 628 1502 683 alteiam
1518 651 1562 683 no-

280 715 329 753 tota
346 706 473 752 vibratione
490 701 597 751 absoluti
611 717 723 749 numerus
738 701 914 761 particulorum·
934 714 987 747 rem
998 698 1128 759 portionem
1139 698 1272 745 ulteriorem
1284 700 1359 759 prima
1366 699 1471 745 celeritas
1479 714 1560 761 propa.

280 770 419 832 agitanmm
429 768 516 827 duplus
524 767 568 814 erit
577 768 629 829 ejus
639 780 710 827 quem
719 765 746 811 in
756 764 853 813 dimidia
868 764 902 811 vi-
934 762 1035 825 gabitur,
1053 772 1077 809 et
1092 762 1195 808 secunda
1210 762 1314 809 celeritas
1325 763 1349 807 in
1360 761 1438 821 primi
1453 764 1560 823 portione

279 833 383 882 bunone
393 841 562 886 notaveramus,
573 845 626 889 pars
636 828 733 876 dimidia
742 828 852 875 remotior
868 836 903 875 est
933 826 989 872 novi
1000 826 1066 873 istius
1076 825 1157 886 pulsus
1172 826 1329 887 generabitur,
1345 826 1423 887 sicque
1434 827 1556 887 deinceps:

278 894 348 956 plens
358 894 453 957 aqualis
462 894 497 941 illi
507 894 537 941 de
546 890 595 955 qui
605 892 680 954 primo
695 902 776 939 actum
791 900 826 939 est
836 900 861 939 et
870 891 902 937 si-
934 903 1009 939 nnvus
1019 904 1075 953 ergo
1085 889 1167 949 pulsus
1177 889 1316 937 formabitur
1322 890 1391 948 plane
1397 890 1481 937 similis
1489 892 1559 951 priori

279 959 365 1005 militer
377 958 508 1014 constituta,
527 972 580 1017 pars
594 956 686 1005 citerior
700 952 755 1003 vero
769 954 902 1017 negativam
933 954 1052 1015 aqualiter
1062 962 1177 1009 extensus,
1190 952 1274 1015 aquali
1285 952 1401 999 celeritate
1416 954 1442 1000 in
1458 954 1559 1018 singulis

278 1022 418 1070 enatarem
434 1021 547 1069 obtinebit
556 1030 581 1067 et
591 1019 830 1097 dilatationempejns
844 1018 901 1065 eite-
932 1018 1036 1077 partibus
1051 1016 1151 1065 donatus
1167 1016 1266 1095 {amoti
1277 1025 1305 1063 ut
1314 1016 1364 1062 dixi
1375 1017 1559 1066 consideratione

278 1093 666 1209 &restitistis
666 1098 689 1129 ¹¹
709 1082 902 1203 elffii
933 1090 1035 1191 immi
1044 1096 1116 1205 titt
1148 1092 1470 1204 ,immittitis
1476 1096 1558 1205 33:¹13

279 1212 355 1271 portio
364 1212 429 1259 libres
439 1211 544 1271 proxima
554 1210 665 1257 munium
676 1210 789 1273 (quietem
794 1208 899 1269 nempe),
932 1206 1002 1255 unice
1012 1206 1138 1269 ageretur).

279 1275 357 1323 media
367 1275 441 1334 portio
451 1274 563 1331 medium,
575 1276 620 1321 hoe
630 1283 665 1319 est
674 1272 802 1319 retrocedat
811 1270 841 1319 eei
851 1273 901 1333 ipsi
965 1277 1003 1319 26.
1023 1272 1077 1333 lpse
1088 1282 1166 1317 autem
1177 1270 1267 1331 primus
1277 1269 1358 1331 pulsus
1369 1271 1462 1331 penitus
1478 1272 1554 1335 quies-

278 1338 395 1387 celeritate
404 1336 453 1400 qui
462 1337 566 1385 medium
582 1336 697 1383 ulterioris
711 1336 783 1396 partis
797 1336 901 1396 procedit
932 1334 964 1383 cit
974 1335 1068 1397 quando
1087 1335 1113 1381 in
1128 1334 1256 1397 seeundum
1268 1343 1331 1381 totus
1346 1335 1435 1382 transiit
1452 1336 1472 1381 si
1490 1336 1555 1383 nulla

279 1411 303 1449 et
318 1401 462 1449 dilatationes
472 1400 682 1447 illiseeleritatibus
698 1400 810 1461 negativis
824 1414 900 1447 corre-
932 1413 993 1445 nora
1014 1398 1105 1445 chordae
1122 1396 1218 1461 agitatio
1236 1398 1352 1454 succedat,
1375 1413 1429 1445 nam
1451 1397 1555 1447 celeritas

278 1464 432 1525 epondebunt,
454 1461 554 1526 idemus
570 1465 595 1509 in
612 1463 690 1509 medio
704 1463 770 1512 illius
789 1462 901 1523 proximas
932 1462 1045 1521 portionis
1059 1460 1141 1522 pulsus
1156 1476 1209 1522 quae
1224 1460 1288 1507 fibra
1304 1462 1409 1521 proxime
1418 1472 1453 1507 est
1464 1478 1554 1511 succes·

278 1528 390 1588 portionis
406 1527 508 1575 maxima
523 1527 568 1574 erit
583 1525 687 1575 dilatatio
703 1537 730 1574 ut
745 1535 769 1573 et
784 1525 901 1575 maximus
932 1523 980 1573 sivi
998 1524 1028 1572 ad
1045 1533 1166 1586 sequentes
1183 1524 1300 1583 portiones
1314 1526 1397 1572 transit
1412 1525 1470 1571 dum
1481 1541 1555 1575 novus

277 1606 403 1654 regressus.
932 1588 1013 1649 pulsus
1023 1588 1144 1643 formatur,
1155 1586 1364 1649 sedoeleritasejus
1372 1589 1484 1647 portionis
1492 1589 1554 1637 fibra

310 1658 429 1704 &eandm
438 1658 517 1703 Canu.
538 1652 735 1715 Quodnisingula
745 1653 898 1713 tempuscula,
932 1651 1044 1711 proxima
1054 1660 1089 1698 est
1099 1652 1182 1698 ultima
1197 1651 1261 1698 libra
1280 1652 1383 1698 celeritas
1399 1668 1452 1714 qua
1469 1654 1493 1699 iu
1510 1652 1553 1701 hic

279 1719 364 1781 qurbtrs
374 1718 511 1765 durantibus
521 1716 629 1765 velocitas
643 1717 707 1765 fibra
724 1716 845 1763 uniformis
855 1717 899 1763 lin-
931 1718 987 1776 hpp.
1007 1725 1041 1761 est
1057 1716 1128 1776 quies,
1148 1714 1189 1761 sed
1203 1715 1245 1763 ubi
1261 1713 1342 1773 pulsus
1360 1715 1477 1763 secundus
1492 1725 1554 1764 totus

278 1781 349 1844 giurr,
366 1781 464 1843 aequalis
478 1796 526 1828 non
541 1782 595 1835 sint,
612 1779 694 1827 eidem
709 1780 798 1827 ratione
812 1780 900 1829 intelli-
932 1778 1046 1825 formatus
1056 1788 1097 1835 est,
1109 1778 1213 1825 celeritas
1224 1778 1485 1841 portionispulsusquae
1491 1780 1554 1827 iibrae

278 1855 363 1908 geritur
376 1841 472 1893 effectus
481 1845 546 1891 librae
556 1845 581 1891 in
592 1853 667 1904 partes
683 1843 761 1900 medii,
778 1843 823 1890 nisi
837 1844 901 1906 quod
932 1844 1036 1901 proxima
1047 1853 1095 1889 eret
1105 1842 1135 1889 ad
1145 1840 1238 1887 initium
1249 1841 1344 1888 secundi
1352 1843 1434 1902 pulsus
1441 1850 1477 1889 est
1483 1854 1554 1891 trans·

277 1910 395 1969 portiones
404 1907 475 1955 medii
486 1923 539 1969 quse
548 1906 647 1970 siugulis
654 1907 786 1955 mooessivis
794 1907 901 1953 velocita·
933 1904 980 1952 lata
990 1916 1013 1952 et
1023 1921 1064 1967 per
1074 1920 1156 1952 omnes
1166 1915 1242 1965 partes
1251 1904 1333 1965 pulsus
1348 1905 1418 1966 primi
1428 1906 1555 1954 successive

277 1972 308 2019 tis
318 1971 429 2034 gradibus
444 1972 549 2034 gaudent
559 1986 608 2017 non
617 1972 665 2017 sint
674 1970 781 2032 sequte,
792 1970 833 2017 sed
849 1973 902 2033 (per
932 1970 1030 2025 transiit,
1047 1968 1145 2031 ideisque
1160 1970 1185 2015 in
1201 1968 1279 2031 quiete
1290 1984 1328 2015 ess
1344 1970 1464 2016 constituit
1473 1970 1499 2016 in
1508 1968 1554 2033 qui

278 2045 329 2083 not.
345 2035 396 2094 19.)
413 2034 459 2081 sint
475 2035 535 2081 sicut
550 2044 655 2094 tempora
669 2034 755 2095 quibus
765 2033 903 2081 durantibus
933 2043 1109 2093 pennensemnt
1124 2032 1191 2082 nulli
1201 2032 1338 2079 succedente
1349 2028 1409 2079 neiis
1420 2033 1551 2094 agitatione.

278 2099 378 2160 singulas
388 2098 434 2143 illae
443 2097 574 2145 velocitates
584 2098 609 2143 in
620 2096 678 2143 fibri
688 2106 869 2156 permansenmt
966 2102 1004 2144 27.
1022 2094 1094 2152 Quod
1105 2097 1123 2142 si
1134 2096 1219 2145 chorda
1229 2111 1313 2143 novam
1319 2096 1552 2154 vibrationemfaciat,

314 2165 406 2209 Tertius
415 2165 493 2209 Cotus.
512 2160 627 2214 Quamvis
635 2169 714 2207 eutem
723 2158 786 2206 fibra
793 2159 901 2210 velocitas
932 2168 959 2205 ut
970 2160 1054 2216 evenit,
1065 2161 1199 2208 restituetur
1210 2161 1298 2220 primus
1306 2159 1387 2219 pulsus
1395 2160 1491 2221 equalis
1497 2176 1552 2221 prse-

277 2224 345 2271 nullo
355 2223 501 2283 tempuscula
511 2224 634 2271 uniformis
639 2222 778 2269 maneatserl
789 2224 901 2269 continuo
932 2222 1023 2270 cedenti
1029 2223 1202 2287 qualiscumque
1213 2223 1243 2269 sit
1250 2224 1300 2285 eius
1307 2223 1440 2270 vibrationis
1448 2222 1553 2271 velocitas

279 2287 426 2343 moeleretur,
447 2286 529 2334 eodem
548 2297 627 2333 tamen
644 2287 716 2333 modo
734 2286 791 2335 libra
806 2296 860 2349 aget
875 2287 901 2333 in
931 2286 1034 2344 initialis,
1046 2302 1101 2333 nam
1112 2288 1228 2335 dividatur
1238 2286 1449 2335 totiusvibrstionis
1459 2288 1553 2350 hujusce

278 2350 384 2399 medium
393 2350 450 2397 sesi
461 2348 540 2397 revert
550 2350 657 2397 velocitas
667 2350 718 2413 ejus
732 2360 844 2397 meret
858 2364 900 2411 per
931 2358 1025 2411 tempus
1039 2350 1065 2397 in
1081 2352 1179 2398 totidem
1194 2360 1270 2412 partes
1291 2350 1391 2411 aquales
1408 2351 1513 2409 partibus
1528 2354 1552 2397 in

277 2414 398 2462 intervalla
407 2414 524 2474 temporis,
535 2414 666 2461 etdurente
673 2414 900 2475 tempusculoquam
931 2428 988 2475 quas
1004 2424 1096 2474 tempus
1111 2415 1192 2474 prima
1208 2413 1341 2460 vibrationis
1355 2412 1458 2459 divisum
1468 2414 1551 2471 fumat,

277 2479 376 2525 minimo
392 2477 445 2542 (sed
460 2478 538 2538 linito)
554 2477 678 2528 uniformis
695 2487 813 2534 maneret;
828 2478 900 2540 idque
931 2477 995 2538 quod
1005 2477 1055 2523 lieri
1066 2488 1142 2537 potest
1152 2492 1206 2524 cum
1215 2478 1352 2524 vibrationes
1360 2476 1407 2523 sint
1416 2477 1552 2535 isochronae,

277 2552 399 2602 propterea
408 2541 472 2603 quod
481 2540 602 2587 intervalla
616 2542 676 2587 inter
690 2541 814 2599 particulas
828 2542 900 2609 medii
931 2540 981 2587 ista
1000 2550 1075 2601 partes
1093 2541 1204 2602 temporis
1221 2539 1321 2601 aquales
1337 2550 1406 2587 erunt
1421 2541 1449 2587 iis
1459 2556 1513 2603 quse
1528 2542 1553 2587 iu

277 2614 333 2652 sunt
348 2605 421 2651 timia
436 2604 576 2667 quantitates
586 2619 634 2650 non
644 2602 698 2651 verd
708 2603 799 2651 infinite
815 2619 899 2663 parva;
931 2604 1070 2662 praecedenti
1086 2605 1212 2653 vibratione
1228 2613 1351 2663 assumptae
1366 2603 1479 2662 fuerunt3
1499 2604 1553 2654 dato

279 2684 333 2715 nam
344 2682 386 2729 per
395 2678 462 2714 notas
469 2672 492 2713 4.
501 2677 525 2715 et
532 2673 555 2717 5.
569 2668 651 2714 nullus
658 2676 769 2713 motusex
778 2677 865 2727 puncto
875 2672 899 2715 A
931 2676 1009 2715 eutem
1020 2678 1124 2727 tempore
1134 2683 1246 2714 numerus
1256 2666 1420 2727 particularum
1436 2682 1552 2729 compres-

277 2732 303 2778 in
318 2740 433 2792 ponemus
446 2732 467 2778 B
479 2730 574 2778 nesure
584 2740 667 2790 potest,
683 2729 727 2776 nisi
743 2741 857 2792 punctum
875 2732 899 2779 A
931 2745 1009 2779 aarum
1020 2740 1054 2780 est
1064 2746 1154 2792 semper
1164 2731 1226 2779 idern
1242 2730 1417 2792 qualiscumque
1428 2730 1458 2779 sit
1468 2730 1552 2779 veloci-

277 2796 413 2856 prooesserit
435 2793 502 2840 finiti
524 2794 738 2856 quantulicumque
763 2797 897 2856 quantitate,
930 2805 966 2842 trs
983 2799 1018 2859 (n.
1039 2803 1076 2844 19.
1091 2795 1207 2857 hujusce).
1244 2795 1311 2856 Ergo
1328 2795 1442 2855 siquidem
1459 2796 1552 2857 singulo

276 2856 386 2920 ideoque,
401 2857 446 2903 nisi
457 2858 515 2906 fibra
524 2873 577 2919 quoe
593 2867 661 2920 urget
676 2866 789 2917 puuctum
802 2861 824 2904 A
835 2859 898 2906 velo·
929 2858 1025 2906 instanti
1035 2861 1089 2906 dato
1099 2859 1196 2906 totidem
1206 2868 1282 2920 pertes-
1292 2859 1486 2917 comprimuntur,
1497 2859 1551 2906 toti·

277 2923 370 2970 citatem
380 2921 471 2968 finitam
481 2921 507 2968 in
517 2937 545 2968 eo
555 2921 698 2984 generaverit
714 2924 753 2983 (ut
763 2921 808 2968 iert
823 2924 898 2985 hypo-
929 2923 1029 2984 demque
1039 2932 1095 2972 sunt
1104 2922 1213 2969 instantia
1229 2921 1283 2968 data
1292 2922 1318 2967 in
1328 2922 1496 2970 vibrationibus
1505 2923 1550 2968 iso-

277 2985 349 3033 tlresis
361 2984 513 3033 Problatis
521 2994 568 3032 not
577 2984 630 3045 9.);
641 2985 818 3044 periratiocinio
823 3001 897 3046 pune.
929 2986 1029 3043 thronis,
1045 2987 1127 3046 pulsus
1137 2986 1167 3032 ad
1178 2985 1274 3032 totidem
1290 2984 1414 3044 particulas
1428 2985 1455 3031 in
1469 2985 1550 3048 quivis

276 3057 330 3096 tum
342 3049 364 3094 B
374 3063 423 3094 nen
433 3050 516 3096 sentiet
526 3049 667 3096 incrementa
678 3048 803 3096 velocitatis
816 3050 898 3110 puncti
929 3049 1057 3096 vibratione
1066 3047 1187 3096 isochromi
1198 3047 1341 3095 extendetur.

279 3113 312 3168 A,
323 3112 368 3158 nisi
377 3121 499 3172 postquam
510 3113 679 3158 incrementum
689 3112 896 3165 finitumvelocita·
960 3118 999 3159 28.
1032 3114 1056 3160 si
1077 3129 1119 3174 per
1138 3112 1284 3159 velocitatem
1304 3111 1385 3171 pulsirs
1406 3111 1550 3176 intelligatur

277 3177 308 3222 tis
317 3176 342 3221 in
352 3191 381 3222 eo
396 3177 503 3237 genitum
513 3175 584 3224 fuerit
601 3179 661 3238 (not.
674 3180 697 3223 5.
709 3186 734 3223 et
744 3177 794 3237 20).
830 3177 898 3240 Ergo
928 3177 996 3286 aqum
1008 3176 1134 3238 Newtono)
1146 3174 1293 3223 distantiead
1302 3191 1372 3235 quam
1383 3176 1464 3236 pulsus
1470 3186 1549 3226 exten·

276 3239 335 3287 libra
350 3238 399 3302 agit
408 3239 435 3284 in
443 3239 549 3286 medinm
564 3240 630 3300 quasi
644 3239 737 3302 singulo
752 3241 898 3300 tempusculo
946 3239 991 3286 'tur
1001 3240 1072 3287 divisa
1083 3256 1124 3300 per
1134 3250 1228 3300 tempus
1236 3253 1283 3301 quo
1293 3239 1374 3298 pulsus
1389 3239 1418 3286 ad
1434 3255 1487 3286 earn
1499 3241 1548 3288 rlis-

277 3303 374 3367 (sscprali
391 3303 429 3349 vel
443 3302 563 3366 inequali)
582 3303 633 3364 ejus
649 3303 756 3350 velocitas
774 3304 898 3352 uniformis
928 3303 1025 3350 tantiam
1041 3305 1152 3365 pervenit,
1170 3303 1223 3350 dico
1242 3303 1324 3368 pulsus
1338 3303 1363 3347 in
1379 3303 1462 3350 eodem
1471 3303 1549 3350 medio

276 3367 425 3426 pastiu'sset3
441 3365 580 3428 intelligitur
594 3380 650 3428 ergo
660 3368 756 3414 effectus
766 3368 898 3414 vibrationis
928 3381 977 3414 esse
997 3382 1079 3414 omnes
1099 3367 1249 3430 mquiveloces
1268 3381 1420 3428 quacumque
1438 3367 1469 3424 sit
1485 3367 1547 3414 librae

276 3429 341 3476 fibra
351 3431 377 3478 in
387 3431 464 3476 sitem
474 3443 516 3490 per
526 3430 627 3489 primum
638 3440 662 3477 et
671 3430 801 3478 secundem
816 3446 897 3480 ossum
928 3431 1024 3491 pulsum
1034 3431 1182 3492 producentis
1192 3431 1302 3478 vibratio:
1324 3428 1349 3475 id
1363 3430 1414 3491 jam
1429 3429 1503 3491 liquet
1517 3431 1546 3491 de

276 3492 374 3556 hujusce
384 3492 591 3541 demonstrationis
625 3495 658 3548 Q„
668 3509 689 3542 e.
702 3495 720 3541 i·
870 3525 874 3535 f
928 3494 1094 3543 vibrationibus
1104 3494 1230 3542 isochronis
1240 3494 1265 3540 iu
1276 3493 1547 3554 quibustemporeunius

309 3563 347 3604 25.
375 3557 463 3617 'lfotum
482 3565 559 3605 auten
576 3559 676 3617 spatium
694 3558 761 3604 cu¹us
778 3558 897 3618 particula
928 3557 1060 3608 vibrationis
1071 3559 1102 3606 ad
1111 3559 1208 3606 totidem
1218 3567 1294 3617 partes
1305 3556 1386 3616 pulsus
1397 3546 1545 3619 propagatrlr,

276 3629 399 3668 morosa
413 3620 511 3668 fuerunt
528 3621 627 3668 durante
641 3575 733 3684 integri
743 3622 807 3670 fibra
821 3623 895 3669 vibra·
927 3619 1027 3683 ideisque
1037 3623 1125 3684 aequale
1135 3622 1236 3681 spatium
1247 3621 1329 3682 equali
1340 3629 1443 3679 tempore
1454 3636 1545 3680 percur-

276 3683 340 3732 tione
349 3701 364 3731 a
375 3684 491 3732 Newtono
501 3685 583 3746 pulsus
592 3695 694 3742 vocatur,
706 3695 730 3732 et
739 3688 758 3731 si
769 3687 896 3732 vibratione
926 3686 963 3742 rit,
975 3694 1054 3746 postea
1065 3684 1118 3735 vero
1125 3685 1188 3732 idem
1198 3685 1280 3745 pulsus
1288 3683 1391 3730 similiter
1399 3696 1544 3746 propagatur,

276 3747 382 3795 absoluti
391 3748 450 3795 libra
459 3748 592 3809 quiesceret,
603 3764 694 3808 semper
704 3749 802 3796 ulterius
811 3765 894 3810 prope·
926 3749 967 3796 sed
982 3748 1007 3795 id
1023 3751 1106 3810 pariter
1122 3763 1203 3796 verum
1213 3757 1248 3797 est
1257 3747 1287 3794 de
1298 3747 1463 3794 vibrationibus
1473 3757 1545 3794 etero-
1600 3801 1602 3808 y

277 3821 371 3873 geretur
380 3811 420 3858 ille
430 3813 525 3872 pulsus;
541 3827 597 3858 nam
612 3821 675 3860 totus
690 3813 730 3860 ille
740 3813 821 3873 pulsus
832 3816 894 3876 (mo.
925 3813 1031 3871 chronis;
1043 3813 1175 3860 dividantur
1185 3812 1249 3860 enim
1259 3811 1382 3872 inaequalia
1392 3812 1545 3870 vibrationurn

277 3884 357 3921 mento
366 3876 546 3936 quoabsolsitur
555 3877 663 3937 vibratio)
680 3875 767 3923 divisus
776 3877 894 3939 intelliga-
925 3878 1065 3936 temporeis
1076 3876 1172 3924 totidem
1188 3877 1296 3936 utrinque
1314 3875 1461 3934 tempuscula
1476 3876 1545 3932 mini-

276 3939 352 3984 turin
362 3938 479 3997 portiones
487 3938 584 3986 totidem
592 3950 649 4000 quot
656 3940 764 4000 temporis
775 3942 895 3988 intervella
925 3956 965 3987 ma
975 3956 1028 4001 quse
1039 3941 1093 3988 totis
1101 3941 1242 4000 temporibus
1252 3940 1298 3984 sint
1306 3938 1492 3998 proportionalia,
1501 3955 1544 3986 nu·

275 4001 304 4048 in
313 4001 446 4050 vibrationis
456 4002 578 4051 duratione
588 4003 684 4050 fuerunt
699 4015 824 4065 assumpta,
840 4021 894 4066 quae
925 4019 1004 4050 merus
1019 4004 1120 4064 partium
1131 4017 1312 4063 compresserum
1328 4002 1428 4064 singulis
1443 4012 1545 4062 tempus-

275 4065 387 4125 temporis
401 4065 521 4114 intervalla
536 4066 651 4114 facilitatis
661 4082 717 4130 ergo
726 4068 824 4129 aqualia
839 4083 894 4128 sup·
926 4068 984 4115 culis
991 4068 1084 4115 diversis
1092 4079 1147 4116 sunt
1155 4065 1357 4127 illistempusculis
1367 4067 1546 4125 proportionales

275 4137 400 4189 ponsnnu,
417 4129 511 4191 singula
521 4131 596 4188 portio
606 4130 678 4178 medii
688 4147 741 4178 earn
751 4132 894 4180 velocitatem
928 4135 961 4194 (n.
979 4138 1014 4180 19.
1024 4133 1131 4194 huJ'usce)
1144 4128 1243 4193 ideoque
1255 4131 1308 4176 totis
1319 4130 1476 4176 vibrationum
1487 4139 1544 4176 tern-

275 4193 370 4240 bsbebit
379 4206 450 4252 quam
460 4193 542 4241 habuit
552 4195 636 4242 chorda
644 4195 669 4241 in
676 4208 794 4244 momento
804 4197 848 4255 ipsi
857 4211 894 4242 re-
926 4197 1020 4255 poribus
1030 4195 1217 4256 proportionales,
1229 4193 1304 4240 sedin
1316 4193 1410 4254 singuli
1420 4193 1544 4241 vibratione

275 4255 407 4316 spondenti,
418 4255 503 4303 ultima
512 4259 587 4317 portio
597 4259 803 4307 siveremotissirna
812 4276 827 4308 a
836 4260 895 4308 libra
926 4259 1023 4306 totidem
1039 4259 1184 4318 tempuscula
1199 4268 1317 4315 assumpta
1330 4266 1393 4314 sunt,
1411 4273 1468 4320 ergo
1484 4267 1544 4305 totus

275 4319 895 4384 eamhsbebitosleritatemquamlibrahabueratprimo
926 4337 1038 4370 numerus
1056 4323 1156 4382 partium
1171 4336 1225 4382 qua
1240 4321 1360 4382 singulum
1378 4322 1473 4380 pulsum
1490 4335 1543 4368 eon-

275 4382 377 4439 iustanti,
394 4383 523 4443 penultima
532 4386 607 4444 portio
616 4386 816 4435 eam‘oeleritatem
827 4389 896 4434 habet
927 4388 1027 4435 stituunt
1043 4397 1078 4434 est
1092 4385 1268 4448 proportionalis
1287 4387 1385 4443 tempori
1403 4385 1541 4432 vibrationis.

275 4461 347 4508 quam
355 4448 413 4494 libre
419 4448 501 4496 babuit
506 4449 608 4496 secundo
613 4451 716 4508 instanti
727 4452 769 4498 dte.
779 4470 787 4510 ς
798 4465 896 4513 sequen·
930 4451 975 4499 Sed
986 4451 1092 4497 distantia
1109 4451 1138 4496 ad
1154 4464 1224 4511 quam
1235 4449 1339 4508 pervenit
1350 4447 1431 4507 pulsus
1441 4458 1477 4495 ost
1486 4463 1543 4494 sern-

276 4509 359 4559 tirerd
370 4513 516 4571 tempusculo
531 4512 614 4560 ultima
628 4515 705 4573 portio
720 4515 802 4575 pulsus
811 4517 841 4562 ad
851 4530 894 4562 no·
925 4530 967 4578 per
983 4515 1080 4561 numero
1101 4513 1202 4575 partium
1224 4511 1406 4573 proportionalis·
1442 4512 1543 4574 ideisque

275 4587 329 4620 vam
339 4576 469 4634 portionem
478 4576 642 4639 nbiaqualem
652 4588 676 4624 et
685 4579 818 4626 ulteriorem
827 4594 896 4626 suam
927 4579 1035 4626 &untia
1051 4579 1080 4625 nd
1098 4593 1170 4640 quarn
1187 4577 1290 4635 pervenit
1306 4576 1387 4634 pulsus
1403 4584 1438 4622 est
1449 4575 1543 4636 tempori

277 4637 421 4685 velocitatem
438 4640 574 4704 propagabit
595 4642 677 4704 (hujus
695 4643 747 4704 21.)
767 4642 825 4690 dum
845 4644 897 4703 ipsa
927 4640 1247 4702 vibrationisproportionrlis,
1256 4640 1297 4686 sed
1307 4638 1415 4686 velocitas
1423 4641 1543 4700 pulsasset

276 4701 646 4766 suscipietpenultimteportionis
653 4705 800 4767 celeritatem,
812 4707 897 4769 penul·
928 4707 1152 4770 distentiaadquem
1164 4705 1268 4766 pervenit
1275 4703 1347 4750 divise
1353 4718 1394 4764 per
1401 4713 1493 4766 tempus
1500 4715 1546 4764 que
1576 4713 1587 4730 ¹
