3434 5500
196 444 309 517 Lrnun
325 446 488 522 succum]
533 434 773 503 PRINCIPIA
803 425 1175 497 MATHEMATICA.
1392 423 1478 489 '315

195 616 331 683 rediens.
376 614 420 679 Et
433 611 545 678 eodem
560 617 745 696 argumento
755 604 782 669 si
796 604 896 668 rarius
912 603 961 679 sit,
984 599 1110 664 accedet
1125 598 1165 662 ed
1180 608 1331 662 centrum.
1375 595 1478 682 Igitur

196 748 262 792 non
275 723 390 790 redibit
403 724 438 786 in
453 718 589 787 eundem
602 716 712 782 orbem
726 713 786 777 nisi
800 712 840 775 sit
860 709 998 796 ejusdem
1020 706 1178 770 densitatis
1194 726 1265 768 cum
1278 702 1385 767 fluido.
1431 700 1481 765 Eo

197 846 302 899 autem
316 832 435 895 incasu
448 840 609 893 ostensum
630 836 686 902 est,
710 820 797 908 quod
818 818 1027 883 revolveretur
1050 812 1160 879 cidem
1173 813 1243 899 lege
1257 834 1328 876 curn
1342 809 1480 895 partibus

184 943 284 1038 ‘fluidi
298 965 318 1007 a
331 953 439 1006 centro
453 937 578 1002 vorticis
593 932 753 1020 aequsliter
767 926 964 994 distantibus.
1010 923 1052 998 Q.
1064 946 1091 987 e.
1107 922 1138 987 d.

242 1051 340 1115 Cor-ot.
358 1056 387 1111 l.
411 1046 499 1131 Ergo
514 1041 648 1105 solidum
662 1038 749 1125 quod
763 1037 796 1099 in
806 1032 924 1099 vortice
939 1030 1106 1095 revolvitur
1120 1040 1154 1093 et
1166 1026 1200 1089 in
1214 1024 1350 1089 eundem
1369 1022 1479 1087 orbem

197 1177 320 1241 semper
335 1154 427 1229 redit,
443 1148 571 1215 relative
585 1147 716 1234 quiescit
729 1145 763 1207 in
776 1142 875 1207 fluido
890 1140 940 1204 cui
954 1140 1082 1201 innatat.
1145 1212 1153 1235 Ι

243 1264 344 1328 Corui.
359 1268 390 1325 2.
413 1258 498 1323 Etsi
512 1269 623 1321 vortex
636 1255 675 1318 sit
689 1250 793 1338 quoad
808 1248 992 1314 densitatem
1007 1242 1178 1320 uniformis,
1201 1259 1314 1323 corpus
1336 1236 1420 1301 idem
1440 1232 1482 1298 ad

197 1368 368 1457 quemlibet
381 1390 401 1430 a
410 1376 519 1429 centro
533 1361 659 1426 vorticis
672 1356 851 1424 distantium
865 1351 982 1418 revolvi
995 1359 1108 1436 potest.

765 1587 922 1655 Scltoiium.

245 1750 334 1815 Hinc
347 1748 445 1833 liquet
458 1744 598 1829 planetas
613 1764 632 1804 a
645 1712 816 1803 vorticibus
828 1730 987 1818 corporeis
1001 1749 1065 1791 non
1080 1724 1203 1791 deferri.
1249 1723 1332 1787 Nam
1353 1717 1486 1806 planetis

201 1854 373 1920 secundum
401 1849 590 1938 hypothesin
614 1843 851 1931 Copernicaeam
876 1840 959 1921 circa
989 1833 1094 1900 Solem
1118 1830 1212 1895 delati
1234 1828 1433 1893 revolvuntur
1452 1824 1488 1888 in

202 1962 362 2057 ellipsibus
370 1958 553 2022 umbilicum
561 1948 889 2025 habentibusinSole,

203 2084 235 2137 et
256 2071 351 2134 radiis
366 2068 407 2131 ad
424 2065 529 2144 Solem
549 2062 650 2126 ductis
672 2082 759 2123 areas
774 2056 892 2121 descri-

203 2180 284 2243 bunt
312 2172 505 2259 temporibus
533 2164 792 2254 proportionales.
845 2164 893 2229 At

203 2297 309 2374 partes
338 2282 464 2347 vorticis
493 2278 547 2342 tali
577 2287 664 2340 motu
694 2273 811 2338 revolvi
836 2293 893 2335 ne»

206 2400 334 2478 queunt.
352 2457 363 2475 ἂ
379 2385 557 2473 Designent
577 2383 608 2446 A
623 2382 668 2458 D,
695 2379 778 2456 BE,
803 2379 831 2442 C
853 2379 891 2457 F,

205 2500 298 2562 orbes
327 2508 390 2560 tres
415 2495 498 2557 circs
522 2490 628 2557 Solem
656 2490 679 2553 S
708 2487 891 2572 descriptoS,
960 2565 961 2570 ἵ

206 2630 340 2695 quorum
354 2605 489 2669 extimus
512 2600 583 2667 CF
609 2598 742 2663 circulus
764 2598 804 2662 sit
827 2597 893 2663 Soli

207 2716 429 2792 concentricus,
474 2722 507 2776 et
540 2707 723 2774 interiorum
759 2706 892 2772 duorum

208 2825 332 2911 aphelio
357 2824 420 2886 sint
441 2821 482 2898 A,
508 2819 537 2884 B
562 2830 594 2882 et
614 2816 765 2902 perihelia
785 2816 829 2894 D,
853 2817 893 2882 Ε.

209 2935 297 3022 Ergo
322 2953 435 3016 corpus
458 2927 544 3015 quod
567 2925 735 2991 revolvitur
759 2926 793 2990 iu
817 2927 894 2992 orbe

210 3042 292 3119 CF,
315 3039 404 3104 radio
426 3036 467 3100 ad
488 3034 593 3100 Solem
605 3034 700 3098 ducto
714 3056 801 3098 areas
816 3045 895 3100 tern-

208 3148 338 3234 poribus
359 3142 607 3229 proportionales
632 3142 848 3222 describendo,
877 3145 915 3229 (⁰)
937 3145 1112 3211 movebitur
1132 3144 1279 3210 uniformi
1305 3165 1377 3208 cunr
1396 3153 1493 3206 motu.

211 3255 336 3337 Corpus
351 3261 456 3313 autem
470 3247 555 3334 quod
569 3248 738 3312 revolvitur
751 3248 785 3312 in
800 3251 877 3314 orbe
892 3250 922 3315 B
937 3251 977 3328 E,
1000 3251 1118 3316 tardius
1132 3251 1308 3315 movebitur
1322 3251 1355 3312 in
1370 3247 1494 3334 aphelio

212 3359 242 3424 B
267 3370 299 3422 et
324 3355 460 3421 velocius
485 3354 519 3416 in
540 3353 692 3437 perihelio
715 3353 754 3431 Ε,
783 3356 822 3440 (Ρ)
846 3355 1019 3420 secundum
1041 3356 1126 3444 leges
1152 3355 1393 3429 astronomicas3
1423 3352 1495 3416 crim

211 3459 316 3531 tumen
331 3467 371 3549 (¹¹)
387 3461 558 3528 secundum
583 3462 668 3549 leges
690 3464 886 3528 mechanicas
912 3466 1039 3530 materia
1064 3467 1189 3532 vorticis
1211 3468 1244 3531 in
1266 3465 1366 3552 spatio
1380 3485 1494 3550 angus·

212 3577 291 3640 tiore
305 3576 386 3637 inter
401 3574 434 3637 A
445 3557 479 3637 bt
494 3571 523 3635 C
539 3569 675 3634 velocius
689 3573 807 3637 moveri
826 3573 939 3662 debeat
954 3572 1047 3659 quim
1061 3575 1094 3637 in
1109 3575 1208 3659 spatio
1228 3573 1338 3638 latiore
1359 3573 1439 3636 inter
1460 3570 1494 3634 D

143 3682 147 3689 ’
213 3697 246 3750 et
267 3685 311 3761 F;
336 3684 371 3747 id
391 3695 448 3760 est,
474 3677 654 3777 inephelio
674 3680 810 3745 velocius
834 3681 927 3768 quim
942 3683 975 3747 in
988 3683 1151 3768 perihelio.
1196 3681 1279 3760 Quae
1301 3681 1365 3747 duo
1380 3702 1494 3767 repug-

226 3853 281 3929 ·(‘)
293 3851 712 3928 0r10vtbtur3ant‘onntcummute
747 3849 838 3911 AEqffl·
870 3849 950 3899 locitas
960 3851 985 3897 in
999 3851 1029 3908 B,
1041 3847 1270 3900 estudvelooitatem
1277 3851 1302 3898 in
1312 3851 1343 3909 E,
1353 3847 1496 3899 utdistantis

214 3917 277 3965 libus
286 3932 350 3964 enlm
361 3918 504 3976 temporibus
519 3912 619 3975 equulos
629 3927 688 3959 aree
703 3920 727 3959 et
742 3913 839 3973 proinde
873 3915 890 3962 S
902 3915 932 3967 Ε,
945 3914 975 3962 ad
985 3914 1117 3963 discentium
1127 3917 1239 3980 majorem
1251 3916 1268 3963 S
1281 3915 1310 3962 Β.

215 3981 316 4044 aquales
333 3995 407 4037 metm,
425 3980 471 4025 hoc
487 3985 529 4035 est,
547 3975 646 4039 aequulie
662 3976 737 4037 spotia
752 3977 837 4024 descri-
902 3977 937 4043 (²¹)
951 3983 964 4010 ⁸
977 3979 1110 4028 Secundini
1120 3982 1179 4042 leges
1189 3981 1340 4028 mechanicus.
1367 3977 1495 4027 Nemeum

215 4047 311 4094 buntur.
869 4051 949 4090 vortex
976 4053 1120 4104 supponatur
1143 4059 1192 4091 esse
1213 4044 1239 4090 iu
1260 4051 1321 4090 statu
1341 4041 1493 4104 permanenti,

235 4109 285 4184 ·(¹')
305 4105 469 4182 ’'Secundiim
489 4108 548 4168 leges
565 4107 737 4181 unrmmmiccs.
772 4106 839 4161 Quo-
871 4105 971 4168 equales
980 4108 1083 4154 moteriae
1095 4108 1398 4170 quantimtesperspatium
1408 4121 1495 4168 angus·

217 4187 282 4247 nram
300 4186 349 4217 arm
366 4170 472 4246 ellipseos
487 4169 659 4245 perephehum
676 4169 733 4216 Bet
749 4170 840 4229 perihe-
873 4171 920 4218 tius
934 4173 955 4217 A
969 4171 997 4226 C,
1015 4180 1038 4219 et
1053 4185 1094 4232 per
1109 4171 1210 4232 spatium
1220 4171 1289 4218 latius
1301 4172 1326 4219 D
1339 4171 1367 4228 F,
1383 4179 1411 4218 ut
1426 4168 1496 4217 sitin

219 4235 279 4283 bum
301 4235 325 4283 E
343 4243 436 4310 'munst
461 4243 542 4294 estque
558 4233 634 4294 ellipst
652 4231 768 4290 normalis,
789 4249 843 4280 urea
874 4233 958 4291 fluviis,
977 4235 1059 4282 eodem
1078 4243 1181 4296 tempore
1196 4243 1323 4292 transcunt,
1343 4233 1496 4296 etproptered

219 4297 847 4424 ttnnttrtztssttstntrttttt
875 4297 1203 4410 somnust
1220 4299 1496 4410 “⁰⁸⁰³”lffinlw-*t‘

293 4427 299 4438 .
534 4425 566 4436 ..
780 4423 786 4434 Ι
900 4397 907 4418 ,
1161 4377 1336 4410 umrnseo
1387 4375 1497 4409 otetur

223 4427 317 4501 SBnru
327 4441 407 4473 orcum
422 4439 634 4499 quem'mtnrmum
644 4441 659 4471 a
669 4439 763 4484 corpore
779 4439 804 4470 ru
822 4427 844 4473 B
880 4426 905 4472 D
916 4434 940 4473 et
952 4426 980 4472 F.
1016 4379 1229 4482 Quantitosirutem
1246 4377 1355 4482 miserie,
1372 4441 1426 4489 quoe
1442 4423 1497 4472 dato

222 4490 378 4563 descriptum
396 4499 419 4536 et
435 4488 539 4535 similiter
548 4503 601 4536 eree
611 4487 706 4549 equalis
721 4503 792 4551 quum
807 4504 844 4536 ra·
876 4497 979 4550 tempore
989 4491 1071 4538 transit
1084 4505 1126 4551 per
1141 4490 1241 4551 spetlum
1253 4489 1277 4536 A
1291 4491 1320 4548 C,
1331 4490 1368 4536 vel
1380 4489 1405 4536 D
1419 4487 1446 4546 F,
1463 4497 1498 4535 est

223 4553 276 4599 dtus
285 4564 363 4627 vector
374 4553 391 4599 S
404 4553 426 4599 E
441 4551 525 4600 eodem
539 4562 643 4612 tempore
658 4567 729 4613 quarn
747 4552 846 4598 minimo
877 4546 1013 4614 utspatt'um
1023 4556 1068 4601 boc
1078 4554 1164 4602 directe
1174 4563 1198 4602 et
1208 4553 1310 4600 materiis
1326 4553 1433 4600 veloeitas
1448 4567 1499 4599 me-

223 4615 337 4690 dcscnbtt,
355 4625 461 4678 sequetur
475 4617 612 4688 rectuugulo
626 4630 655 4661 ex
671 4614 779 4662 dimntt
792 4618 809 4665 S
820 4617 844 4663 Ε
878 4617 962 4664 diceris
971 4617 1070 4675 inverse,
1088 4627 1112 4666 et
1130 4617 1184 4666 ideo
1199 4615 1321 4666 mediocris
1331 4615 1439 4664 velocitas
1448 4631 1499 4662 ms·

223 4678 294 4757 docti
311 4694 337 4754 ¹.¹¹
354 4694 433 4726 mcum
444 4693 564 4738 acorpore
578 4693 605 4723 rn
620 4679 643 4726 E
659 4677 805 4739 descriptum,
823 4689 847 4727 ct
878 4683 942 4727 terite
952 4681 1012 4728 inter
1020 4682 1074 4730 Aet
1083 4683 1112 4740 C,
1124 4691 1159 4730 est
1168 4681 1198 4730 ad
1208 4681 1348 4730 mediocrem
1356 4680 1500 4728 velocitatem

223 4741 678 4805 rdeopnorarcossstndpoeteriorcm,
694 4743 791 4802 hocest,
808 4759 846 4792 ve·
880 4745 1320 4804 muterioeinterD‘etEutFDtd
1333 4747 1356 4792 A
1369 4745 1397 4792 C.
