3434 5500
272 433 334 488 nc
595 403 938 486 annosorum
961 419 1236 488 uarunams
1286 417 1565 501 [Moccorroa

273 597 464 682 Exemplum
478 595 631 660 habemus
645 596 679 657 in
693 596 876 680 corporibus
891 596 1084 700 magneticis.
1131 596 1257 660 Horum
1279 595 1378 659 virtus
1400 595 1565 660 attractiva
1634 603 1636 607 ’

270 705 455 768 terminatur
469 701 534 765 feri
549 703 582 764 in
597 703 645 765 sui
659 706 783 790 generis
796 705 983 788 corporibus
1000 705 1058 768 sibi
1072 705 1233 789 proximis.
1279 704 1439 792 Magnetis
1463 705 1564 769 virtus

186 883 190 890 ,
268 838 325 900 per
339 795 555 900 interpositam
575 814 724 878 laminam
737 815 812 878 ferri
828 816 1032 895 contrahitur,
1056 828 1087 879 et
1101 816 1134 878 in
1148 813 1264 878 lamini
1279 813 1343 877 fere
1366 800 1561 880 terminatur.

270 927 353 990 Nam
368 948 501 1009 corpora
514 925 663 989 ulteriora
676 947 742 988 non
755 939 820 988 tarn
834 950 855 989 a
868 943 1014 1013 magnete
1028 948 1122 1012 quam
1136 923 1281 988 alemini
1296 923 1471 987 trahuntur.
1506 923 1562 988 Ad

267 1036 402 1100 eundern
417 1035 547 1100 modurn
563 1037 589 1099 si
603 1037 765 1120 particulae
779 1035 891 1122 fugant
905 1037 980 1106 alias
994 1037 1057 1100 suis
1065 1036 1189 1123 generis
1203 1033 1371 1119 particulas
1387 1033 1446 1096 sibi
1459 1054 1559 1116 prox·

266 1143 353 1220 imas,
377 1146 410 1207 in
424 1146 592 1228 particulas
608 1159 713 1208 autem
728 1147 911 1210 remotiores
933 1147 1079 1210 virtutem
1102 1144 1222 1208 nullam
1243 1155 1420 1220 exerceant,
1444 1165 1485 1205 ex
1498 1142 1560 1228 hu7

261 1252 401 1334 jusmodi
415 1254 576 1336 particulis
591 1266 819 1337 componentur
832 1255 930 1318 fluida
943 1255 984 1320 de
1000 1256 1114 1340 quibus
1129 1267 1233 1318 actum
1249 1253 1344 1316 estin
1361 1251 1421 1316 haic
1437 1251 1558 1336 Propo-

265 1362 386 1424 sitione.
432 1361 531 1437 Quod
557 1363 582 1426 si
608 1364 770 1447 particulae
799 1366 949 1452 cujusque
978 1367 1076 1430 virtus
1106 1367 1138 1430 in
1168 1357 1326 1428 infinitum
1354 1375 1555 1450 propagetur,

265 1469 299 1556 (f)
310 1495 389 1556 opus
404 1472 463 1536 erit
477 1474 507 1538 vi
522 1475 633 1558 majori
648 1475 689 1537 ad
704 1475 855 1560 aequalem
869 1477 1146 1541 condensationcm
1161 1476 1287 1560 majoris
1297 1473 1476 1560 quantitatis
1484 1473 1555 1536 flui-

262 1585 304 1646 di.
349 1585 402 1646 An
424 1607 498 1647 vero
520 1585 617 1648 fluida
639 1585 764 1649 clastica
786 1609 826 1648 ex
847 1587 1008 1670 particulis
1024 1611 1057 1651 se
1075 1600 1185 1652 mutuo
1200 1585 1378 1672 fugantibus
1401 1595 1553 1660 constent,

263 1695 392 1779 quaestio
406 1695 535 1782 physica
551 1692 607 1760 est'.
654 1697 722 1759 Nos
735 1699 960 1780 proprietatem
982 1699 1149 1762 fluidorum
1166 1719 1206 1761 ex
1221 1694 1373 1781 ejusmodi
1394 1693 1553 1777 particulis

262 1804 470 1866 constantium
485 1802 703 1867 mathematice
718 1803 1009 1888 demonstravimus,
1033 1819 1068 1870 ut
1081 1803 1277 1890 philosophis
1291 1825 1398 1868 ansam
1412 1803 1553 1886 praebea-
1602 1863 1605 1870 .

262 1938 332 1978 mus
347 1915 552 2000 quaestionem
566 1916 652 1978 illam
667 1916 830 1980 tractandi.

292 2111 349 2171 (r).
365 2113 427 2172 Omra
437 2113 612 2172 mavimajort
625 2112 668 2158 &c
703 2112 834 2160 Nonenim
851 2129 889 2160 so-
922 2129 976 2162 rum
988 2131 1022 2161 rrs
1034 2115 1078 2162 ent
1087 2113 1216 2174 superanda
1226 2129 1279 2178 qua
1291 2114 1330 2159 (ex
1344 2108 1549 2174 Hyp.)ininfini·

260 2175 310 2218 lum
322 2174 435 2220 vincenda
445 2178 488 2222 erit
499 2193 540 2237 per
551 2175 746 2250 compressionem
759 2177 794 2222 ris
804 2177 890 2224 centri·
923 2187 974 2226 tum
986 2188 1132 2242 propagatur.

181 2239 186 2246 ’
257 2237 318 2298 fuga
327 2238 493 2298 particularum
513 2241 677 2300 proxImarum,
695 2238 735 2289 sed
747 2241 889 2290 etremotio·
