3434 5500
290 427 330 485 68
607 423 952 492 PHILOSOPHIAE
967 425 1239 494 NATURALIS
1259 508 1262 514 Ι
1291 424 1402 510 [Mor.
1419 431 1585 536 Copron.

286 615 365 679 poro
380 592 463 670 dato,
491 615 563 658 cum
583 597 745 664 velocitate
767 599 820 668 ille
835 601 971 668 maximi
981 605 1049 689 jem
1069 615 1142 670 ente
1156 605 1291 687 inventi,
1306 606 1500 674 uniformiter
1514 609 1584 674 de-

286 701 378 766 scribi
387 716 501 786 potest.

327 2801 424 2863 Cerol.
453 2803 482 2865 7.
514 2796 552 2878 (⁸)
569 2795 612 2859 Et
635 2794 851 2879 regrediendo,
877 2816 917 2860 ex
941 2770 1015 2859 deito
1033 2816 1183 2879 ⁴ascensus
1209 2797 1258 2861 vel
1280 2798 1446 2862 descensus
1468 2799 1577 2881 spatio

284 2905 495 2970 ABnkvel
512 2902 635 2967 ΑΒΝ
652 2902 694 2979 K,
710 2901 1311 2986 dabiturtempusADtvelADT.

314 3084 348 3149 (²)
367 3088 405 3132 97.
428 3084 462 3129 Et
478 3083 631 3143 regrediendo.
666 3077 786 3125 Nimirum
798 3077 911 3139 capiendo
942 3084 957 3125 9
976 3085 999 3125 A
1014 3099 1049 3125 =
1067 3081 1091 3126 A
1112 3080 1135 3127 B
1153 3080 1180 3128 N
1197 3080 1223 3128 K
1240 3081 1278 3127 vel
1298 3083 1322 3127 A
1341 3081 1363 3128 Β
1379 3096 1396 3127 n
1412 3081 1445 3128 k:
1462 3080 1485 3127 A
1498 3080 1524 3128 D
1537 3082 1572 3129 C.

282 3160 317 3195 est
327 3164 381 3195 area
394 3147 416 3193 A
430 3147 452 3193 Β
464 3160 480 3190 n
491 3145 515 3199 lr,
527 3145 564 3190 vel
576 3147 599 3191 A
614 3145 635 3191 B
649 3143 674 3189 N
687 3142 713 3189 Κ
724 3142 754 3189 ad
765 3142 910 3205 triangulum
946 3144 977 3197 Q.
991 3160 1012 3189 e.
1023 3143 1046 3189 d

284 3213 309 3259 A
322 3212 380 3259 DC
396 3211 421 3255 in
438 3208 492 3255 dats
509 3209 597 3254 ratione
613 3207 680 3266 spatii
691 3206 739 3252 deti
750 3206 857 3252 ascensius
873 3205 911 3252 vel
929 3235 932 3250 ·.
976 3212 1014 3255 98.
1036 3206 1060 3254 Si
1071 3222 1156 3266 corpus
1166 3222 1221 3254 eum
1231 3207 1352 3254 velocitate
1365 3223 1419 3269 quse
1435 3207 1529 3269 aequalis
1539 3209 1576 3257 sit

283 3274 406 3323 descensus
416 3272 446 3319 ed
457 3272 557 3331 duplum
568 3272 643 3331 spatii,
655 3269 719 3331 quod
730 3284 813 3328 corpus
823 3270 849 3316 in
859 3284 910 3315 me-
928 3270 1051 3328 ¹maxime
1068 3271 1092 3317 A
1106 3272 1137 3335 C,
1149 3270 1287 3317 verticaliter
1301 3270 1435 3333 projiciatur
1451 3271 1571 3327 deorsum,

283 3340 323 3387 dio
339 3354 387 3385 non
402 3338 521 3384 resistente
532 3335 637 3397 cadendo
648 3333 755 3381 describit
765 3342 792 3378 ut
803 3332 911 3379 velocita·
943 3334 1051 3394 aequabili
1061 3333 1272 3391 motu'deecendet,
1289 3338 1319 3381 ob
1330 3334 1481 3381 resistentiam
1491 3336 1575 3394 gravi-

282 3413 330 3450 tem
346 3402 471 3449 maximam
485 3399 508 3445 A
523 3398 663 3460 Cecquiret,
683 3407 753 3458 etque
768 3394 801 3441 ite
817 3398 910 3443 dabitur
941 3397 984 3443 tati
1036 3397 1112 3443 uelem
1129 3407 1153 3444 et
1168 3398 1307 3444 contrariam
1324 3401 1376 3461 (per
1388 3398 1442 3444 Cor.
1457 3404 1478 3444 9.
1493 3397 1570 3457 Prop.

283 3469 308 3513 A
319 3468 336 3512 k
347 3466 384 3513 vel
397 3466 420 3512 A
434 3464 466 3511 K.
503 3462 537 3509 Et
547 3462 602 3507 hinc
618 3460 710 3507 debitur
728 3462 750 3507 A
763 3476 779 3520 p
792 3460 829 3506 vel
842 3462 866 3505 A
880 3460 908 3516 P,
927 3460 1022 3507 ,VIIL
1048 3461 1163 3507 siminori
1173 3475 1229 3507 cum
1238 3461 1360 3507 velocitate
1369 3460 1508 3524 projiciatur,
1527 3477 1573 3507 ex.

282 3546 323 3577 seu
334 3528 456 3585 velocitas3
467 3540 497 3573 ex
508 3526 632 3571 bisantem
643 3523 735 3570 debitur
746 3533 820 3571 sector
833 3526 855 3570 A
867 3524 911 3570 Dt
942 3534 1042 3584 ponatur
1049 3524 1203 3571 velocitasillr
1211 3540 1252 3584 per
1259 3525 1328 3571 lineee
1341 3526 1365 3570 A
1376 3524 1396 3572 C
1407 3535 1494 3584 portem
1503 3526 1527 3571 A
1537 3526 1573 3585 P,

281 3594 319 3640 vel
338 3595 361 3639 A
375 3594 400 3639 D
412 3592 442 3647 T,
460 3604 502 3635 seu
519 3596 612 3647 tempus
630 3590 682 3651 (per
694 3587 748 3633 Cor.
763 3586 808 3647 5.).
844 3587 909 3634 Nam
941 3597 965 3635 et
976 3596 1054 3634 motus
1064 3591 1165 3647 corporis
1174 3588 1270 3652 projecti
1279 3588 1342 3635 idem
1350 3588 1393 3634 erit
1403 3604 1430 3635 ec
1440 3588 1459 3633 si
1470 3588 1573 3649 equiete

282 3658 382 3717 spatium
393 3653 455 3716 quod
466 3667 550 3711 corpus
560 3651 586 3696 in
596 3650 675 3697 medio
685 3665 732 3697 non
744 3651 862 3697 resistente
872 3664 909 3696 sr-
941 3650 1103 3697 descendendo
1113 3652 1257 3698 veloeitstem
1267 3651 1345 3698 datam
1358 3653 1382 3698 A
1392 3651 1422 3709 P,
1429 3652 1479 3717 jem
1489 3652 1572 3713 acqui.

283 3721 359 3767 dendo
375 3717 483 3766 describit
499 3725 528 3762 ut
542 3714 687 3761 velocitatem
705 3716 834 3761 maximam
852 3713 910 3760 AC
942 3714 1031 3761 sivisset
1041 3726 1064 3761 et
1075 3713 1160 3762 deinde
1169 3724 1275 3777 pergeret
1285 3714 1387 3773 moveri;
1404 3730 1475 3778 quare
1483 3726 1572 3763 motus

283 3786 385 3844 acquirat
402 3782 492 3828 dicatur
513 3778 545 3835 A,
563 3788 655 3837 tempus
670 3792 718 3839 quo
733 3794 745 3824 s
773 3778 834 3824 tium
849 3776 910 3822 illud
927 3793 930 3799 ’
941 3778 1038 3839 projecti
1048 3779 1073 3823 in
1083 3779 1127 3825 hoc
1143 3793 1198 3825 casu
1209 3794 1238 3825 ex
1249 3778 1404 3839 superioribus
1413 3779 1481 3825 facile
1492 3778 1572 3825 deter-

282 3848 417 3893 describitur
429 3846 459 3899 T,
477 3843 577 3903 spatium
592 3841 657 3903 quod
667 3841 692 3886 in
703 3856 741 3888 me
758 3842 781 3887 io
791 3842 910 3887 resistente
941 3841 1076 3888 minabitur.
1368 3866 1372 3868 Α

283 3910 389 3957 describit
398 3918 426 3955 ut
435 3908 539 3969 acquirat
548 3905 694 3951 velocitatem
706 3907 730 3952 A
743 3906 772 3962 P,
788 3904 826 3951 vel
841 3906 910 3950 amit-
925 3912 928 3919 ’
974 3912 1013 3954 99.
1033 3904 1123 3952 Verbm
1138 3906 1158 3953 si
1173 3905 1321 3971 projectionis
1334 3906 1442 3954 velocitas
1452 3905 1572 3954 terminali

282 3983 316 4020 tet
326 3972 470 4019 velocitatem
489 3973 511 4017 A
524 3985 539 4030 p
554 3970 673 4025 diceturs,
691 3976 908 4028 tempustetspa-
927 3968 1001 4015 -AC
1020 3970 1095 4031 major
1113 3979 1155 4026 est,
1175 3970 1357 4035 constructiones
1377 3970 1571 4029 PropositIonum

283 4037 342 4084 tium
353 4035 417 4097 quod
427 4044 620 4095 corpustempore
630 4032 671 4078 illo
682 4041 692 4079 t
703 4043 726 4079 et
733 4032 853 4079 velocitate
859 4047 909 4077 ma·
943 4032 1021 4079 v111.
1035 4043 1058 4079 et
1070 4033 1119 4080 IX.
1131 4035 1251 4079 mutandae
1261 4043 1337 4079 erunt.
1365 4033 1400 4080 Et
1407 4033 1501 4095 quidem
1512 4048 1572 4079 com

284 4100 347 4148 xime
361 4103 383 4146 A
397 4100 416 4145 C
428 4098 573 4145 uniformiter
584 4096 753 4158 progrediendo
764 4094 871 4143 describit
881 4095 911 4141 sit
942 4097 1039 4143 structio
1051 4096 1216 4155 Propositionis
1227 4102 1262 4143 8⁶²
1273 4098 1306 4143 sic
1316 4096 1437 4144 mutanda.
1457 4098 1571 4157 Descrip-

285 4166 309 4222 S,
321 4173 345 4210 et
354 4163 409 4224 quia
421 4164 470 4224 (99.
486 4162 540 4209 Lib.
555 4160 590 4221 Ι.)
608 4176 691 4221 corpus
701 4160 822 4206 velocitate
835 4159 910 4205 maxi·
927 4177 929 4180 ·
942 4159 967 4206 tei
977 4160 1038 4206 inter
1047 4169 1189 4220 asymptotos
1199 4160 1361 4221 orthogonales
1374 4162 1396 4207 A
1411 4161 1439 4215 C,
1454 4162 1473 4207 C
1486 4161 1513 4206 H
1524 4162 1572 4221 hy-

283 4228 323 4275 mei
337 4228 360 4274 A
374 4228 393 4273 C
405 4225 550 4271 uniformiter
564 4223 741 4286 progrediendo,
758 4232 862 4282 tempore
879 4223 909 4280 T,
942 4224 1037 4283 perbold
1046 4223 1149 4285 quilibet
1161 4225 1178 4270 S
1191 4224 1249 4270 ΟΝ
1261 4225 1291 4279 Β,
1303 4224 1445 4283 producetur
1451 4237 1571 4284 esympto-

284 4290 393 4339 describit
408 4289 507 4348 spatium
519 4294 533 4334 2
549 4289 578 4340 A,
591 4289 634 4334 erit
645 4289 680 4349 (5.
690 4288 743 4334 Lib.
759 4286 794 4347 1.)
809 4288 824 4333 S
837 4306 843 4333 z
858 4292 873 4332 2
887 4289 910 4333 A
942 4295 981 4333 tus
994 4289 1018 4333 A
1031 4287 1087 4334 Cin
1095 4302 1116 4342 a,
1133 4296 1157 4333 et
1166 4296 1296 4346 exponetur
1305 4288 1340 4333 vis
1347 4287 1467 4349 gravitatis
1475 4303 1517 4347 per
1527 4288 1572 4335 da-

282 4366 349 4403 =tz
362 4355 391 4401 T.
419 4352 463 4400 Sed
488 4366 528 4411 per
539 4352 592 4398 Cor.
607 4356 629 4399 5.
643 4360 667 4399 et
677 4360 724 4398 not.
736 4350 827 4411 98.)t:
843 4351 910 4396 T=
942 4360 992 4397 tam
1007 4349 1093 4397 lineam
1109 4366 1124 4396 e
1136 4351 1163 4405 C,
1179 4351 1308 4398 resistentia
1318 4351 1385 4398 initio
1395 4350 1473 4397 motus
1482 4366 1525 4411 per
1539 4352 1572 4398 li.

286 4424 309 4467 A
323 4421 348 4467 D
360 4420 382 4465 T
393 4416 429 4463 vel
442 4417 466 4463 A
515 4425 543 4462 t:
560 4417 582 4461 A
592 4415 617 4461 D
626 4416 654 4471 C,
665 4413 765 4475 idedque
778 4414 808 4461 S:
819 4419 834 4459 2
845 4416 911 4460 A=
942 4429 1012 4460 neem
1021 4430 1037 4460 a
1049 4416 1081 4469 A,
1097 4414 1226 4461 resistentie
1234 4415 1312 4475 elapso
1322 4415 1405 4476 quovis
1414 4424 1517 4473 tempore
1528 4431 1573 4475 per

285 4486 307 4530 A
321 4485 346 4531 D
360 4484 382 4529 T
392 4480 429 4526 vel
442 4481 465 4526 A
479 4480 504 4525 D
514 4486 539 4526 t:
556 4472 578 4523 'A
593 4479 619 4525 D
632 4478 659 4535 C,
677 4486 700 4524 et
717 4481 769 4540 (per
781 4478 835 4524 Cor.
849 4484 869 4523 1.
882 4493 910 4523 ao
941 4478 1027 4524 lineam
1038 4477 1183 4524 indefinitam
1194 4495 1209 4525 a
1220 4478 1254 4525 K.
1290 4478 1407 4525 Veloeites
1417 4478 1518 4537 corporis
1528 4494 1572 4538 per

282 4548 319 4607 2.)
336 4563 365 4593 s:
381 4548 442 4593 S=
456 4546 479 4590 A
494 4544 515 4589 B
528 4542 552 4588 N
567 4540 592 4588 K
609 4541 646 4587 vel
664 4540 795 4587 ABnk:
812 4542 835 4586 A
849 4542 909 4587 DT
941 4541 1029 4587 lineam
1046 4541 1094 4587 ar
1113 4557 1166 4603 quae
1185 4544 1215 4588 sit
1230 4541 1308 4588 medie
1323 4542 1572 4602 proportionalisinter

282 4612 318 4657 vel
339 4613 361 4658 A
375 4610 400 4657 D
412 4618 429 4667 t,
447 4604 579 4667 respective.
617 4603 697 4660 Quare
717 4606 757 4668 (ex
775 4603 853 4668 aequo)
871 4619 906 4652 s:
940 4620 955 4650 a
967 4604 1052 4653 Keta
1064 4604 1092 4662 C,
1109 4605 1208 4669 ideoque
1219 4604 1417 4665 insubduplicad
1433 4606 1521 4666 ratione
1532 4621 1576 4653 re.
