3434 5500
580 663 1094 771 troarnum„
1153 589 1164 752 s
1272 629 1278 637 ’

58 783 61 892 ,

58 899 59 920 ³
153 899 307 974 Aurana
327 903 455 972 tandem
477 904 707 991 Principiorum
726 903 1032 988 Mathematicorunr⁸
1049 904 1127 969 Pars
1148 904 1182 968 in
1203 903 1307 969 lucem
1325 904 1445 990 prodit.

154 1015 208 1079 De
231 1013 376 1078 Motibus
400 1011 579 1096 Corporum
599 1011 633 1075 in
656 1008 767 1076 Medio
791 1011 967 1074 Resistente
989 1009 1092 1096 agitur
1112 1010 1310 1094 potissimdm
1330 1009 1365 1075 in
1385 1010 1448 1074 hoc

156 1118 297 1184 secundo
306 1117 454 1182 Newtoni
464 1116 573 1180 Libro.
598 1117 681 1180 Rem
689 1115 878 1180 difficultatis
888 1115 1012 1200 plenam
1025 1127 1142 1179 norunt
1150 1137 1275 1192 omnes;
1289 1116 1334 1179 ita
1343 1127 1450 1180 tamen

154 1237 264 1288 nostra
289 1223 465 1287 studuimus
487 1219 975 1286 accommodareCommentaria
995 1233 1031 1285 ut
1051 1221 1089 1285 iis
1110 1222 1165 1308 qui
1184 1222 1334 1307 inprimi
1359 1221 1450 1286 Libri
1548 1273 1551 1280 .

156 1332 292 1396 lectione
315 1331 351 1394 ei
377 1329 439 1417 qula
464 1351 522 1415 par
546 1340 594 1394 est
616 1329 777 1417 diligentia
804 1341 836 1394 et
861 1331 1032 1394 attentione
1056 1328 1173 1394 fuerint
1194 1332 1318 1409 versati,
1347 1329 1451 1396 facilia

58 1443 59 1512 J
155 1439 312 1526 planaque
336 1438 442 1502 omnia
466 1435 574 1501 futura
603 1459 670 1501 esse
694 1457 869 1522 ςρειειιιιιε.’
910 1436 980 1501 Nec
1002 1436 1075 1500 satis
1097 1436 1188 1500 nobis
1213 1437 1272 1502 fuit
1300 1438 1452 1523 praeclara

157 1545 274 1610 clariss.
291 1545 409 1609 autoris
422 1545 549 1608 inventa
563 1543 730 1629 explicare,
753 1565 812 1608 nos
825 1542 887 1628 ipsi
901 1565 1025 1630 quoque
1039 1565 1099 1606 usu
1112 1543 1278 1606 didicimus
1299 1543 1452 1607 nonnulla

58 1643 59 1728 i
157 1651 350 1716 interddm
340 1651 481 1732 mvenire
495 1671 567 1736 quae
580 1649 645 1713 hvic
659 1647 690 1714 et
703 1648 801 1714 illdc
792 1672 826 1714 m
840 1650 955 1714 nostris
972 1650 1236 1721 Commentariis
1227 1671 1364 1714 mserere
1385 1649 1453 1713 ausi

159 1737 284 1825 sumus.
315 1759 393 1824 Se'd
415 1759 499 1846 quod
519 1759 691 1824 maximum
706 1771 753 1824 est
765 1759 897 1846 hujusce
920 1759 1036 1844 Operis
1055 1759 1150 1824 decus
1169 1771 1203 1823 et
1218 1772 1450 1836 omentum,

58 1897 60 1920 ι
161 1889 245 1930 nova
259 1865 492 1952 quamplurima
506 1865 678 1930 doctissimi
693 1866 802 1930 Euleri
819 1865 1028 1943 Problemata,
1044 1887 1116 1952 quae
1129 1866 1164 1928 in
1178 1855 1304 1951 egregio
1319 1865 1453 1933 Mecha·

157 1975 243 2040 nices
259 1996 355 2060 opere
370 1973 527 2062 leguntur,
544 1975 750 2039 addidimus.
769 1975 904 2040 Nostros
916 1973 1009 2039 etiarn
1019 1974 1143 2039 abunde
1151 1975 1345 2059 locupletant
1356 1975 1454 2039 Com·

158 2083 476 2167 mentatiospretiosa
485 2091 690 2149 monumenta
700 2083 812 2170 quibus
823 2085 905 2148 Acta
917 2085 1123 2150 Eruditorum
1132 2085 1309 2171 Lipsiensis
1318 2107 1453 2148 exorna-

157 2203 234 2255 runt
248 2189 439 2268 clarissviri
453 2191 591 2256 Joannes
606 2204 638 2256 et
652 2192 768 2257 Daniel
785 2193 994 2275 Bernoullius.
1040 2195 1172 2259 Silentio
1181 2193 1309 2258 tandem
1322 2205 1454 2278 praeter-

158 2299 332 2364 mittendus
347 2321 413 2376 non
428 2311 475 2365 est
488 2301 713 2382 illustrissimus
728 2301 988 2388 doctissimusque
1003 2303 1151 2380 Polenus,
1168 2303 1257 2388 cujus
1272 2301 1398 2388 elegans
1413 2300 1454 2365 de

158 2405 403 2492 Logarithmicae
414 2407 656 2472 constructione
672 2408 823 2493 Epistola,
834 2409 1048 2495 nonnullaque
1062 2409 1103 2474 de
1115 2409 1212 2473 Motu
1222 2408 1387 2495 Aquarum
1398 2429 1454 2471 ex-

79 2553 83 2562 ·
159 2517 336 2600 periments
349 2515 440 2604 nobis
453 2516 625 2602 plurimdm
639 2503 797 2603 profudre.
843 2519 907 2586 Sed
922 2519 1018 2606 longe
1031 2521 1150 2605 majora
1163 2531 1237 2583 sunt
1247 2515 1341 2605 qudm
1352 2516 1456 2580 verbis

159 2623 297 2709 exprimi
310 2623 442 2709 possint,
458 2623 501 2689 de
512 2623 574 2688 hoc
588 2627 735 2690 universo
749 2649 844 2718 opere
858 2629 976 2693 clariss.
991 2627 1050 2692 viri
1061 2629 1153 2694 Joan.
1169 2624 1324 2692 Ludovici
1340 2626 1456 2690 Calan·

159 2731 245 2795 drini
266 2729 388 2808 merita,
411 2731 475 2816 qui,
499 2729 609 2796 eidem
631 2756 726 2821 qnam
746 2734 842 2820 primi
856 2735 948 2801 Libri
962 2735 1052 2801 initio
1065 2734 1271 2814 laudavimus,
1295 2732 1456 2822 diligentia

157 2838 376 2925 indefeudque
390 2839 464 2905 cura
478 2839 552 2907 huic
567 2844 715 2907 secundae
731 2845 818 2909 Parti
833 2845 1015 2933 invigilavit

206 2948 520 3033 Reprehendendum
542 2952 648 3016 multis
674 2951 805 3017 fortasse
827 2953 983 3017 videbitur
1008 2952 1095 3039 quod
1119 2950 1256 3017 oblatam
1278 2948 1457 3036 frequenter

58 3098 59 3125 ι
160 3057 356 3123 occasionem
371 3060 458 3145 quasi
473 3083 491 3124 e
505 3061 649 3127 manibus
664 3062 865 3140 dimittentes,
882 3062 1102 3127 celeberrimas
1110 3058 1370 3146 philosophorum
1380 3079 1456 3121 con-

58 3216 59 3219 .
161 3164 330 3229 troversias
359 3165 410 3229 vel
439 3166 567 3231 omnind
596 3168 775 3233 omittamus
804 3168 853 3233 vel
882 3169 991 3233 leviter
1020 3168 1182 3233 duntaxat
1201 3164 1455 3251 perstringamus.

58 3318 59 3355 3
160 3270 283 3335 verum
298 3272 398 3337 sciant
412 3295 485 3337 eum
499 3272 593 3339 fuisse
608 3275 755 3340 Nevrtoni
770 3298 1001 3361 scopumaquo
1009 3298 1051 3339 ne
1058 3276 1157 3339 latum
1171 3292 1310 3360 unguem
1320 3268 1457 3335 maxime

161 3376 315 3441 vellemus
329 3377 500 3459 discedere,
523 3390 558 3443 ut
573 3380 733 3467 ingeniosa
748 3405 874 3470 quoquo
888 3394 1090 3469 systematum
1104 3391 1280 3445 commenta
1294 3398 1314 3463 ᾳ
1326 3377 1456 3464 physica

58 3568 59 3579 ἵ
109 3530 115 3541 ω
163 3485 339 3551 eliminaret
361 3498 454 3572 atque
475 3488 666 3575 profligaret.
711 3489 780 3553 Nos
795 3490 901 3576 itaque
915 3514 935 3553 a
948 3488 1172 3575 philosophicis
1194 3488 1300 3552 litibus
1319 3483 1456 3571 maxime

58 3610 59 3641 ι
164 3596 276 3672 aversi,
298 3595 513 3677 altereationes
528 3617 651 3661 summo
666 3597 770 3663 studio
792 3598 1026 3663 declinavimus.
1070 3598 1137 3662 Tot
1156 3598 1284 3682 insuper
1304 3617 1386 3659 nova
1406 3593 1457 3657 his

58 3728 59 3737 ¹
161 3704 202 3769 de
217 3705 310 3769 rebus
326 3704 443 3790 scripta
456 3688 598 3793 quotidie
620 3706 881 3775 circumferuntur
896 3720 931 3772 ut
946 3708 1025 3795 justi
1039 3706 1143 3791 operis
1157 3705 1272 3769 molem
1291 3702 1463 3778 excederet⁴

162 3811 215 3874 hic
231 3813 387 3877 secundus
403 3812 512 3903 Liber,
536 3813 751 3879 sireoentiora
765 3814 923 3900 explicare
936 3814 1177 3903 aggrederemur
1197 3811 1457 3897 philosophorum
1556 3882 1559 3888 p

161 3917 287 4002 placita.

200 4022 297 4087 Hanc
306 4026 475 4091 secundam
483 4026 600 4092 laboris
609 4028 709 4091 nostrl
718 4040 839 4112 partem
850 4026 985 4115 bemgne
995 4027 1152 4112 exorprant
1161 4024 1457 4091 Mathematrcarum

159 4130 409 4214 Disciplinarum
432 4134 601 4213 candidati,
633 4136 822 4224 tertiamque
843 4137 970 4202 tandem
992 4150 1024 4202 et
1043 4137 1185 4202 ultimam
1205 4158 1289 4200 anno
1313 4131 1457 4219 proximi

159 4235 268 4300 futuro
283 4248 456 4320 expectent.
563 4331 575 4335 ξ

225 4434 342 4483 limitata
355 4432 425 4497 Regio
438 4438 556 4485 Consano
565 4440 621 4487 88⁶2·
638 4438 763 4487 Trinr'totr'r.

415 4520 487 4577 Anno
501 4525 571 4569 1740.
