3434 5500
251 403 313 460 304
569 396 907 467 PHILOSOPHIAE
930 386 1203 461 NATURALIS
1257 394 1367 475 [Mor.
1379 393 1533 459 Coenon.

250 575 450 646 superantem
472 564 566 629 ethis
587 565 679 630 rectis
692 566 888 635 aaronem
909 562 1055 627 revolutis
1078 562 1207 646 concipe
1228 562 1319 627 orbes
1339 562 1373 625 in
1398 560 1533 625 armulos

250 669 430 731 innumeros
451 670 549 733 secari
555 694 568 745 ;
592 681 624 733 et
645 670 778 735 annulus
798 669 1011 755 uuusquisque
1032 667 1159 731 babebit
1171 666 1303 729 annulos
1318 679 1451 751 quatuor
1472 665 1533 729 sibi

251 773 424 859 contiguos,
448 796 547 839 unum
567 774 758 855 interiorem,
782 776 915 840 alterum
928 773 1114 839 exteriorem
1127 784 1160 837 et
1173 771 1253 837 duos
1274 772 1428 837 laterales.
1472 775 1532 837 At-

250 881 326 945 tritu
340 883 495 947 interioris
510 895 542 947 et
555 884 717 948 exterioris
730 904 796 949 non
810 894 912 968 potest
924 882 1058 947 annulus
1071 881 1293 967 unusquisque,
1315 880 1375 944 nisi
1389 881 1422 943 in
1443 892 1533 943 motu

244 987 338 1071 juxta
361 986 463 1074 legem
487 1010 578 1053 casus
600 990 695 1074 primi
716 989 808 1069 facto,
834 988 995 1075 aequaliter
1010 1000 1041 1053 et
1055 988 1204 1073 in'partes
1226 988 1395 1053 contrarias
1416 988 1532 1075 urgeri.

252 1092 343 1157 Patet
356 1092 417 1157 hoc
425 1115 471 1159 cx
486 1094 750 1160 demonstratione
764 1118 852 1161 casus
866 1094 968 1179 primi.
1005 1094 1049 1159 Et
1061 1105 1227 1179 propterea
1240 1084 1426 1157 annulorum
1437 1078 1532 1157 series

250 1197 397 1281 quaelibet
409 1222 430 1263 a
442 1199 538 1286 globo
552 1201 585 1265 in
600 1202 755 1265 infinitum
766 1199 851 1265 recti
864 1222 1007 1289 pergens,
1023 1199 1197 1265 movebitur
1210 1221 1269 1283 pro
1283 1198 1353 1287 lege
1365 1221 1452 1296 casus
1466 1199 1532 1283 pri·

248 1304 304 1381 mi,
318 1304 539 1388 nisiquitenus
546 1306 714 1391 impeditur
724 1307 764 1370 ab
775 1308 881 1371 attritu
893 1306 1078 1371 annulorum
1090 1304 1130 1369 ad
1138 1304 1244 1369 latera.
1274 1306 1321 1371 At
1330 1305 1363 1367 in
1372 1316 1459 1369 motu
1470 1304 1532 1369 hic

250 1407 321 1494 lege
334 1408 417 1473 facto
430 1411 553 1474 attritus
568 1412 752 1475 annulomm
767 1412 809 1475 ad
822 1412 920 1477 latera
934 1412 1038 1475 nullus
1052 1423 1115 1487 est;
1130 1432 1231 1496 neque
1242 1410 1313 1475 ided
1322 1423 1451 1487 motum,
1468 1434 1531 1497 qno

250 1516 354 1581 miuus
368 1516 428 1580 haic
442 1518 510 1605 lege
519 1519 582 1596 fiat,
598 1520 755 1604 impediet.
801 1521 835 1586 Si
845 1521 953 1585 annuli
969 1522 1005 1605 (Υ)
1018 1521 1071 1607 qni
1082 1544 1101 1584 a
1111 1532 1218 1597 centro
1229 1521 1388 1607 aequaliter
1403 1521 1530 1591 distem,

251 1622 302 1687 vel
315 1622 406 1687 citius
423 1625 653 1689 revolverentur
667 1626 717 1690 vel
731 1627 849 1690 tardius
864 1628 899 1713 (¹)
909 1628 1002 1711 juxta
1020 1626 1111 1711 polos
1126 1624 1218 1713 quim
1233 1628 1325 1711 juxta
1340 1626 1533 1711 eclipticam

249 1728 401 1793 tardiores
410 1731 664 1810 accelerarentur,
680 1745 712 1797 et
720 1732 888 1799 velociores
903 1734 1133 1797 retardarentur
1143 1724 1300 1797 abottritu
1310 1745 1427 1809 mutuo,
1444 1733 1532 1797 etsie

248 1850 414 1925 vergerent
427 1862 549 1925 semper
564 1854 704 1925 tempora
716 1842 875 1925 periodica
890 1840 929 1905 ud
941 1841 1155 1925 aequalitatem,
1171 1840 1314 1927 prolege
1329 1839 1417 1903 cusiis
1426 1838 1529 1923 primi.

251 1942 329 2006 Non
351 1944 482 2027 impedit
505 1945 600 2032 igitur
620 1946 673 2009 hic
694 1946 815 2010 attritus
830 1946 1011 2031 quominus
1031 1957 1134 2009 motus
1155 1945 1210 2009 fiat
1233 1946 1404 2009 secundum
1427 1945 1529 2031 legem

249 2071 338 2113 casus
351 2050 454 2132 primi,
470 2061 501 2113 et
514 2065 680 2134 propterea
687 2052 741 2115 lex
751 2051 804 2114 illa
812 2051 983 2115 obtinebit:
997 2050 1059 2114 hoc
1070 2063 1126 2127 est,
1143 2048 1328 2115 annulorum
1338 2050 1527 2137 singulorum

248 2168 390 2241 tempora
403 2158 560 2240 periodica
574 2172 666 2223 erunt
679 2171 716 2223 ut
729 2159 880 2245 quadrato
894 2158 1108 2223 distantiarum
1123 2158 1262 2243 ipsorum
1277 2181 1296 2220 a
1310 2171 1417 2221 centro
1430 2156 1529 2245 globi.

251 2264 347 2339 Quod
362 2266 444 2328 volui
459 2265 596 2330 secundo
611 2266 835 2331 demonstrare.

297 2374 365 2435 cas.
382 2383 413 2437 3.
435 2372 603 2437 Dividetur
619 2376 686 2461 jam
700 2376 834 2439 annulus
854 2375 1067 2460 unusquisque
1089 2374 1274 2439 sectionibus
1296 2373 1475 2438 transversis
1495 2372 1530 2435 in

205 2471 211 2483 '
247 2478 414 2559 particulas
442 2478 618 2543 innumeras
641 2483 864 2545 constituentes
894 2480 1094 2545 substantiam
1123 2479 1263 2543 absolute
1285 2492 1316 2543 et
1336 2480 1530 2543 uniformiter

247 2586 396 2661 fluidam3
412 2599 443 2649 et
453 2588 600 2672 quoniam
614 2588 664 2652 hoe
678 2590 828 2653 sectiones
843 2611 907 2652 non
922 2599 1061 2671 spectant
1074 2587 1115 2650 ad
1128 2586 1229 2674 legem
1242 2586 1344 2650 motin
1360 2587 1529 2665 circularis,

251 2690 307 2754 sed
328 2692 368 2755 ud
391 2694 639 2758 constitutionem
659 2696 747 2760 fluidi
767 2694 962 2760 solummodo
982 2693 1168 2771 conducunt,
1194 2694 1402 2778 perseverabit
1427 2706 1531 2757 motus

253 2799 411 2860 circularis
424 2810 460 2862 ut
472 2801 569 2884 prius.
617 2802 680 2866 His
695 2803 881 2866 sectionibus
897 2800 1004 2864 annuli
1018 2822 1125 2863 omnes
1140 2823 1232 2884 quam
1247 2801 1365 2862 minimi
1381 2803 1531 2884 asperita-

250 2916 312 2964 tem
329 2915 360 2966 et
372 2903 436 2966 vim
450 2906 572 2968 attritus
588 2907 688 2970 mutui
702 2920 835 2970 autnon
849 2906 1023 2980 mutabunt,
1048 2905 1083 2989 (i)
1099 2917 1152 2967 aut
1173 2906 1337 2968 mutabunt
1358 2906 1529 2990 aequaliter.

249 3008 293 3071 Et
306 3022 450 3072 manente
465 3033 627 3076 causarum
642 3014 843 3097 proportione
864 3012 1001 3075 manebit
1022 3009 1186 3073 effectuum
1199 3010 1370 3094 proportio,
1394 3009 1454 3072 hoc
1469 3025 1528 3088 est,

246 3117 408 3199 proportio
421 3131 563 3182 motuum
577 3132 609 3183 et
622 3121 851 3203 periodicorum
867 3131 1050 3203 temporum.
1097 3118 1139 3193 Q.
1155 3141 1181 3181 e.
1198 3117 1229 3180 d.
1274 3119 1431 3181 Caeternm
1454 3117 1529 3183 crim

248 3237 350 3289 motus
373 3226 540 3306 circularis,
565 3241 596 3292 et
616 3229 689 3293 inde
711 3242 779 3293 orta
799 3230 845 3292 vis
869 3226 1048 3314 centrifuge,
1077 3229 1115 3310 (⁸¹)
1132 3227 1229 3310 major
1244 3226 1283 3289 sit
1298 3226 1337 3289 ad
1353 3227 1528 3310 eclipticam

282 3398 315 3462 (¹)
332 3402 346 3430 ⁰
362 3401 408 3452 Qus·
416 3418 431 3447 a
442 3410 520 3449 centro
530 3404 650 3465 aewdter
664 3406 757 3460 diuam,
774 3415 814 3448 ren
830 3403 871 3464 qui
935 3401 970 3464 (⁰)
983 3404 997 3431 '
1010 3399 1089 3461 Major
1099 3403 1170 3448 rituti
1184 3403 1309 3462 edipuicm
1325 3399 1397 3464 qudnt
1410 3405 1442 3449 ud
1454 3405 1528 3464 polos.

248 3473 304 3509 sunt
314 3476 343 3509 er
353 3463 436 3509 eodem
448 3467 503 3511 orbe
519 3466 607 3521 resecti,
624 3467 704 3528 quales
719 3476 775 3512 sunt
790 3466 872 3513 munii
905 3465 1025 3520 Quoniam
1040 3464 1205 3524 particulamm
1223 3465 1246 3511 E
1263 3474 1287 3512 et
1302 3481 1316 3511 e
1330 3467 1356 3511 iu
1373 3465 1455 3512 eodem
1470 3470 1529 3516 orbs

249 3526 522 3587 exfigurarumlkba,
539 3529 639 3586 abed,
655 3529 755 3592 degit,
772 3538 869 3577 etrevo·

249 3589 338 3635 lotione
348 3589 462 3650 descripti.

254 3690 257 3697 .
282 3652 314 3716 (⁸)
327 3656 341 3683 ‘
353 3657 426 3704 Juxta
433 3657 495 3715 polos
511 3655 537 3702 X
549 3666 572 3704 et
584 3656 612 3712 P,
629 3671 699 3718 quam
712 3657 780 3718 juxta
793 3672 870 3718 tequa-

249 3724 330 3773 torem,
343 3732 413 3778 quem
424 3729 486 3764 recta
497 3719 514 3765 S
526 3719 549 3765 E
559 3721 589 3766 ad
599 3736 666 3767 uem
679 3721 701 3768 P
713 3721 738 3767 X
749 3721 870 3781 perpendi-

250 3779 334 3826 cularis
343 3790 417 3827 rotata
426 3780 539 3830 describit.

283 3843 315 3905 (¹)
336 3845 349 3873 ·
370 3847 421 3892 Aut
439 3849 562 3894 brumbam
583 3849 706 3908 aequaliter.
751 3848 870 3902 Quoniam

252 3907 314 3951 enim
320 3907 358 3951 hoe
365 3909 476 3955 sectimes
484 3925 531 3956 non
539 3911 582 3956 nisi
590 3911 619 3957 ad
626 3910 762 3958 fluiditatem
772 3911 870 3972 singulis

250 3968 343 4016 annulis
354 3971 519 4019 conciliandam
530 3971 596 4020 factae
606 3983 668 4031 sunt,
685 3986 708 4020 et
718 3974 816 4020 fluidum
826 3977 869 4020 ho·

251 4047 392 4093 mogeneum
402 4037 554 4095 supponitur3
566 4037 585 4082 si
594 4037 648 4084 inde
658 4048 760 4084 mutetur
770 4037 869 4084 annulo-
976 4079 977 4083 ,

250 4111 304 4142 rum
321 4097 429 4155 asperitas
444 4108 468 4145 et
482 4099 517 4145 vis
534 4102 625 4148 attritus
642 4101 725 4156 mutui,
742 4102 876 4158 mutabith

250 4159 370 4219 aequaliter
385 4161 461 4207 souin
473 4162 631 4211 damnatione.
666 4165 701 4212 Et
716 4164 801 4212 idcirco
818 4179 868 4212 rua·

251 4233 322 4268 nente
338 4223 516 4272 resistentiamm
533 4237 557 4274 et
574 4229 756 4288 impressionum,
772 4244 825 4290 quas
839 4244 869 4275 ex

249 4296 335 4333 mutuo
355 4287 456 4346 partium
477 4291 556 4337 attritu
576 4292 690 4348 oriuntur,
714 4295 869 4352 proportione,

251 4351 354 4398 manebit
366 4352 492 4399 effectuum
502 4351 556 4400 inde
566 4355 730 4414 productorum
745 4359 869 4416 propertius

251 4413 295 4459 boc
306 4423 345 4466 est
358 4416 473 4474 proportio
483 4429 589 4464 motuum
600 4429 623 4465 et
632 4420 799 4478 periodicorum
811 4429 870 4466 tern-

252 4492 349 4535 porum;
368 4488 392 4526 et
408 4492 525 4540 propterea
541 4482 640 4540 partium
651 4483 794 4544 singularum
810 4493 870 4531 tcm-

251 4555 308 4598 pora
317 4542 433 4600 periodica
441 4554 518 4601 eruut,
534 4547 761 4605 utinsuperioribus
770 4547 867 4604 casibus,
1177 4582 1178 4590 κ
1519 4590 1522 4600 ·

252 4606 430 4662 pmportionalia
439 4608 555 4670 quadratis
564 4608 724 4658 distantiarum
739 4611 839 4671 ipsarum
855 4627 870 4658 a
900 4615 1076 4664 constitutarum
1088 4626 1192 4679 tempora
1202 4622 1315 4680 periodica
1321 4632 1449 4683 aequantur,
1461 4625 1526 4685 ipsa·

253 4679 331 4713 centro
341 4669 412 4731 globi.
786 4707 792 4718 ·
902 4692 956 4726 rum
973 4679 1031 4728 vires
1047 4683 1184 4746 cennisugae
1196 4687 1357 4734 auutiuterse
1367 4696 1394 4734 ut
1404 4687 1462 4734 radii
1480 4691 1528 4738 cir·
