3434 5500
161 421 459 501 tranaticum]
491 420 733 488 PRINCIPIA
756 422 1128 492 MATHEMATICA.
1387 443 1448 498 133

156 595 293 683 gulares,
309 596 429 679 amplas
448 595 495 659 vel
517 596 758 681 angustissimas.
806 597 905 662 Hisce
925 599 1162 664 circumstantiis
1187 567 1380 686 pressionem
1400 606 1446 668 nil

156 703 271 768 mutari
287 703 452 788 colligitur,
464 702 650 786 applicando
665 703 961 769 demonstrationem
973 706 1190 772 Theorematis
1201 709 1293 794 hujus
1305 711 1344 774 ad
1356 734 1443 778 casus

156 813 298 901 singulos
311 812 490 877 fluidorum.

201 922 300 986 Corol.
317 931 348 986 3.
393 919 514 986 Etdem
535 921 797 987 demonstratione
818 921 981 1009 colligetur
1003 925 1095 988 etiam
1118 930 1188 1010 (per
1212 927 1309 1012 Prop.
1327 929 1441 1010 XIX.)

153 1026 240 1116 quod
263 1029 354 1093 fluidi
379 1030 482 1116 gravis
509 1040 614 1112 partos
639 1028 771 1108 nullum,
802 1033 1025 1115 expressione
1050 1034 1197 1118 ponderis
1222 1037 1440 1117 incumbentis,

152 1140 320 1227 acquirunt
333 1153 453 1206 motum
463 1143 546 1206 inter
560 1163 609 1217 se3
625 1140 652 1204 si
667 1139 762 1205 modo
776 1141 1071 1206 excludeturmotus
1084 1143 1188 1228 quiex
1198 1145 1441 1210 condensatione

152 1250 281 1313 oriatur.

197 1359 297 1420 vorot.
313 1365 344 1420 t.
390 1356 432 1420 Et
452 1367 619 1439 propterea
641 1356 667 1420 si
688 1355 775 1419 aliud
798 1355 937 1440 ejusdem
961 1357 1119 1444 gravitatis
1137 1359 1289 1443 specificae
1315 1384 1438 1446 corpus,

150 1466 236 1550 quod
250 1464 291 1526 sit
302 1462 551 1527 condensationis
563 1483 686 1545 expers,
703 1462 921 1548 submergatur
936 1463 969 1526 in
983 1462 1044 1527 hoc
1058 1444 1165 1543 fluido,
1178 1466 1211 1531 id
1227 1488 1267 1530 ex
1280 1468 1440 1550 pressione
1469 1471 1471 1474 ’

84 1601 89 1606 ·
149 1569 299 1654 ponderis
312 1568 518 1635 incumbentis
532 1554 653 1631 nullum
667 1568 807 1654 acquiret
816 1581 954 1632 motum:
978 1591 1042 1632 non
1057 1569 1234 1652 descendet,
1251 1595 1316 1637 non
1331 1598 1439 1639 ascen-

149 1677 212 1754 det,
239 1697 305 1739 nou
331 1688 459 1761 cogetur
484 1675 617 1760 liguram
643 1699 731 1740 suam
758 1690 886 1742 mutare.
935 1679 969 1744 Si
998 1679 1186 1762 sphaericum
1216 1694 1270 1760 est,
1301 1686 1440 1756 manebit

149 1783 347 1868 sphaericum,
363 1789 429 1846 iton
442 1782 585 1846 obstante
595 1784 753 1866 pressione
761 1806 771 1858 ;
787 1785 814 1847 si
822 1784 1008 1870 quadratum
1018 1799 1073 1862 est,
1089 1789 1227 1851 manebit
1237 1790 1437 1874 quadratum:
1452 1846 1455 1854 .

149 1891 244 1975 idque
259 1891 325 1953 sive
335 1888 430 1953 molle
445 1888 494 1964 sit,
511 1888 574 1952 sive
587 1888 824 1965 fluidissimum3
847 1891 910 1954 sive
924 1891 1022 1955 fluido
1036 1891 1134 1954 libere
1149 1893 1277 1971 innatet,
1295 1897 1358 1960 sive
1367 1898 1438 1960 fun-

148 1998 191 2061 do
205 1996 376 2061 incumbat.
422 1994 531 2058 Habet
545 1995 629 2058 enim
642 1995 732 2058 fluidi
745 2018 817 2080 pars
833 1997 980 2083 quaelibet
994 1998 1117 2061 interna
1130 1999 1283 2062 rationem
1299 2005 1438 2086 corporis

148 2108 313 2184 submersi,
329 2119 362 2171 et
375 2129 434 2190 par
448 2117 495 2170 est
508 2106 588 2169 ratio
603 2105 743 2168 omnium
757 2107 897 2194 ejusdem
912 2106 1145 2194 magnitudinis,
1163 2108 1273 2194 figurae
1290 2122 1322 2173 et
1335 2113 1438 2197 gravi-

146 2217 218 2280 tatis
242 2215 397 2300 specificae
427 2215 660 2282 submersorum
689 2236 865 2299 corporum.
913 2217 946 2282 Si
961 2238 1073 2300 corpus
1098 2216 1293 2280 submersum
1317 2232 1438 2285 servato

144 2323 287 2408 pondere
309 2323 495 2408 liquesceret
508 2334 540 2385 et
554 2321 698 2386 indueret
718 2322 851 2386 formam
873 2323 979 2400 fluidi3
1001 2323 1071 2400 hoc,
1096 2324 1123 2386 si
1136 2325 1222 2406 prins
1245 2327 1436 2407 ascenderet,

145 2435 195 2500 rel
216 2433 431 2508 descenderet,
458 2430 507 2495 vel
522 2430 736 2514 expressione
761 2431 896 2517 figuram
921 2451 1034 2494 novam
1056 2431 1209 2508 indueret,
1237 2433 1331 2496 etiam
1352 2457 1437 2499 nunc

54 2581 61 2594 ·
144 2543 337 2619 ascenderet,
362 2540 649 2616 vel'descenderet,
676 2539 725 2602 vel
747 2539 881 2626 figuram
903 2560 1016 2603 novam
1038 2540 1168 2604 induere
1195 2555 1375 2628 cogeretur:
1402 2545 1437 2607 id

144 2648 224 2715 adeo
249 2649 323 2734 qnia
344 2647 479 2734 gravitas
501 2647 568 2730 ejus
590 2655 774 2731 caeteraeque
798 2657 941 2710 motuum
966 2668 1068 2710 causae
1096 2635 1290 2730 permanent.
1338 2651 1436 2738 Atqui

145 2766 216 2880 (per
233 2760 307 2823 Cas.
323 2767 355 2823 ὁ.
373 2757 468 2839 Prop.
485 2754 599 2835 XIX.)
619 2752 686 2839 jam
701 2755 876 2841 quiesceret
890 2767 922 2821 et
935 2756 1070 2845 figurem
1091 2760 1247 2827 retineret.
1294 2762 1382 2853 Ergo
1400 2779 1435 2833 ut

142 2889 241 2952 prius.
851 2900 867 2927 .

142 3061 312 3111 monstratione
324 3057 492 3119 Propositiouis
509 3056 586 3118 hujus,
603 3055 719 3116 premitur
734 3071 775 3102 su·

142 3126 249 3188 perficies
260 3138 370 3183 suprema
382 3123 405 3168 E
416 3138 429 3167 e
440 3120 464 3169 vi
473 3120 571 3179 simplici
588 3119 705 3181 gravitatis
719 3134 774 3178 pro·

142 3191 208 3250 pria,
220 3187 268 3253 qui
279 3199 303 3235 et
313 3185 447 3247 superficies
457 3183 558 3232 senruda
570 3183 590 3231 F
600 3182 615 3228 f
626 3197 668 3243 pro
678 3198 773 3229 mensu·

140 3268 169 3300 ra
179 3270 222 3300 sua
238 3251 360 3314 equaliter
377 3249 496 3309 premitur.
532 3246 649 3293 Premitur
664 3255 774 3306 praterea

141 3317 277 3377 superficies
284 3313 387 3364 sectinda
400 3312 474 3361 Ftvi
483 3309 576 3371 proprii
586 3310 711 3373 gravitatis,
719 3325 773 3371 quie
826 3341 832 3363 ,

142 3380 250 3428 addenda
261 3388 297 3425 est
307 3379 330 3423 ri
341 3376 420 3437 priori.
456 3375 512 3423 Hic
523 3374 645 3433 pressione,
657 3388 699 3433 pro
706 3388 772 3418 men-

141 3445 196 3491 suri
206 3444 257 3497 suri,
270 3453 294 3490 et
304 3439 534 3499 insuperripropriat
582 3437 664 3494 vitatis,
674 3445 773 3497 urgetur

141 3508 277 3569 superficies
292 3505 360 3553 tertis
377 3505 400 3549 G
411 3519 443 3565 g3
460 3502 526 3549 etsie
558 3500 655 3560 einceps.
693 3500 772 3555 Quare

140 3582 213 3631 patet,
224 3580 253 3618 ut
264 3584 342 3629 supra,
355 3566 496 3629 pressionem
506 3580 577 3628 quam
588 3562 719 3623 superficies
735 3564 772 3609 in-

142 3636 200 3683 tima
212 3636 239 3683 tt
251 3633 269 3681 d
280 3634 350 3688 subit,
369 3630 482 3693 aqualem
498 3644 547 3675 esse
563 3627 658 3689 ponderi
674 3626 771 3688 cylindri

140 3700 209 3762 cujus
220 3707 255 3745 est
265 3695 367 3745 altitudo
379 3695 404 3740 D
416 3696 437 3740 A
449 3701 473 3739 et
481 3692 542 3739 basis
551 3691 627 3738 fundo
637 3690 664 3737 H
673 3692 771 3753 diequa-

140 3762 179 3809 lis.

174 3826 290 3873 Manente
301 3822 374 3885 igitur
384 3829 436 3866 tum
451 3818 502 3865 basi
514 3819 540 3866 H
552 3818 575 3874 d,
592 3827 644 3864 tum
655 3816 720 3863 fluidi
737 3817 771 3864 al-

139 3889 243 3936 titudine
259 3882 447 3948 perpendiculari
469 3884 495 3929 D
515 3884 546 3939 A,
567 3890 646 3928 manet
663 3880 730 3926 fluidi
745 3882 771 3928 in

139 3953 215 3999 basim
233 3952 330 4013 pressio,
351 3957 479 4007 utcumque
489 3955 592 3992 mutetur
602 3946 661 3991 rasis
671 3943 770 3990 fluidum

140 4017 283 4063 continentis
293 4013 378 4073 figura.
408 4012 487 4071 Atque
497 4009 552 4055 hine
563 4010 587 4054 in
599 4008 658 4053 rasis
665 4022 771 4057 continu.

138 4080 275 4127 uticentibus
285 4072 442 4137 aequilibrium
453 4083 496 4128 est,
515 4071 557 4121 ubi
572 4070 772 4132 perpendiculares

139 4143 207 4190 fluidi
229 4140 368 4189 altitudines
388 4150 458 4196 supra
479 4135 582 4182 fundum
603 4149 727 4180 commune
745 4136 771 4181 in

137 4216 241 4269 utroque
252 4220 307 4251 vase
323 4209 453 4263 aequantur,
470 4198 599 4245 dummodo
608 4199 633 4244 in
648 4198 741 4257 paribus
757 4216 771 4244 a

137 4280 219 4321 centro
237 4269 326 4316 virium
343 4264 461 4327 gravitatis
479 4264 496 4309 S
511 4261 625 4309 distantiis
640 4271 687 4307 tam
704 4260 770 4307 fluidi

137 4325 685 4395 densitasquimvisgravitatisserretureadem.
706 4328 769 4372 Nam

135 4399 165 4453 si,
178 4405 290 4445 manente
300 4394 323 4440 vi
335 4390 453 4456 gravitatis
468 4391 633 4446 moderatrice,
650 4390 770 4437 conteren-

137 4473 179 4509 tur
189 4460 265 4509 lluida
274 4460 302 4526 in
312 4458 501 4533 sehomolgenen,
520 4452 665 4529 sedtdiversae
676 4454 737 4501 inter
746 4470 771 4500 se
804 4455 1005 4516 perpendiculares
1016 4464 1084 4507 erunt
1094 4456 1118 4505 in
1126 4457 1215 4505 ratione
1221 4457 1360 4505 densitatum
1372 4460 1430 4505 recl.

135 4526 267 4581 densitatis,
285 4530 331 4569 ent
341 4534 367 4566 m
377 4534 437 4567 vaste
447 4518 674 4564 communicantibus
684 4518 774 4579 aequili-
804 4520 881 4579 proci,
901 4519 954 4580 quie
966 4520 990 4567 in
1002 4534 1030 4567 eo
1041 4536 1095 4569 casu
1111 4521 1236 4571 fluidorum
1247 4523 1272 4579 iu
1282 4521 1355 4568 basim
1365 4536 1429 4571 com.

137 4590 227 4651 brium,
237 4587 280 4639 ubi
294 4584 423 4632 fluidorum
434 4582 460 4627 in
470 4589 569 4643 utroque
579 4595 631 4627 raso
642 4580 775 4628 altitudines
805 4598 903 4629 munem
914 4584 1041 4643 pressiones
1051 4586 1151 4648 aequales
1161 4596 1216 4633 sunt
1228 4586 1305 4650 (173).

772 4667 810 4715 18
