3434 5500
693 286 697 324 l

259 399 323 458 230
523 399 527 406 '
584 390 926 458 PHILOSOPHIAE
948 391 1222 460 NATURALIS
1274 393 1550 474 [Monilonnott.

257 586 316 632 nec
331 576 424 652 auget
436 585 497 628 nec
511 564 631 628 minuit.
679 562 772 627 Certi
788 564 869 628 actio
882 563 981 640 fluidi,
1005 587 1077 650 qua
1090 565 1130 629 ab
1145 569 1211 652 ejus
1233 565 1467 650 compressione
1487 569 1554 634 ori·

257 688 319 753 tur,
344 675 454 738 fortior
475 697 542 739 esse
557 697 621 737 non
635 685 739 756 potest
752 673 785 736 in
799 685 904 757 partes
926 674 1061 758 posticas
1082 675 1222 758 corporis
1236 674 1314 738 moti
1327 674 1423 759 quim
1435 676 1471 738 in
1485 678 1554 760 ejus
1585 691 1587 693 ’

256 794 360 868 partes
383 783 511 858 anticas,
538 781 672 866 idedque
694 781 901 844 resistentiam
915 782 949 843 in
963 781 1024 844 lrac
1040 781 1259 865 Propositione
1280 781 1470 866 descriptam
1492 785 1553 847 mi·

256 909 353 952 nuere
367 908 432 951 non
446 899 568 971 potest:
591 898 623 951 et
637 886 747 950 fortior
762 908 827 950 non
842 887 902 950 erit
915 888 949 949 in
962 898 1068 970 partes
1089 887 1208 951 anticas
1229 886 1324 972 quim
1345 888 1379 950 in
1401 889 1551 972 posticas,

257 996 283 1059 si
297 993 393 1057 modo
407 993 591 1080 propagatio
608 995 674 1079 ejus
695 991 817 1058 infinite
831 992 970 1056 velocior
983 994 1024 1058 sit
1038 991 1132 1080 quim
1152 1006 1256 1058 motus
1278 995 1418 1078 corporis
1439 998 1552 1079 pressi.

237 1102 386 1168 'infinite
401 1113 505 1166 autem
518 1100 655 1166 velocior
671 1100 730 1164 erit
743 1111 775 1164 et
785 1094 1009 1187 propagabitur
1023 1102 1057 1164 in
1070 1101 1207 1180 instanti,
1223 1101 1354 1166 simodo
1368 1102 1503 1168 fluidum
1511 1105 1552 1170 sit

256 1209 440 1274 continuum
455 1220 487 1272 et
500 1229 565 1270 non
580 1207 750 1270 elasticum.

301 1315 339 1400 (¹)
358 1318 456 1380 CoroI.
477 1323 504 1377 1.
539 1312 772 1399 cylindrorum,
799 1311 853 1397 qui
875 1313 1048 1377 secundum
1068 1312 1282 1398 longitudines
1304 1336 1376 1378 suas
1390 1314 1424 1378 in
1436 1315 1550 1380 mediis

237 1435 239 1442 ’
256 1424 412 1490 continuis
438 1423 567 1485 infinitis
589 1421 784 1486 uniformiter
804 1421 1059 1508 progrediuntur,
1085 1421 1267 1485 resistentiae
1288 1423 1414 1486 suntin
1428 1425 1549 1488 ratione

255 1554 326 1617 quae
341 1529 537 1614 componitur
552 1551 593 1592 ex
603 1526 761 1612 duplicati
775 1529 897 1592 ratione
910 1527 1110 1592 velocitatum
1125 1539 1157 1592 et
1170 1526 1328 1612 duplicati
1342 1530 1464 1594 ratione
1478 1530 1548 1594 dia-

254 1652 426 1704 metrorum
441 1650 472 1701 et
486 1637 606 1702 ratione
620 1637 781 1701 densitatis
795 1635 981 1701 mediorum.

298 1747 331 1832 (¹)
350 1749 449 1811 Coroi.
467 1754 497 1808 2.
522 1746 556 1811 Si
571 1742 745 1828 amplitudo
754 1742 876 1808 'canalis
890 1765 961 1806 non
970 1753 1122 1831 augeatur
1136 1743 1168 1808 in
1183 1742 1351 1822 infinitum,
1361 1806 1365 1816 ,
1375 1744 1432 1808 sed
1446 1746 1547 1832 cylin-

255 1851 331 1918 drus
346 1854 380 1915 in
394 1851 498 1918 medio
521 1851 698 1939 quiescente
719 1849 840 1914 incluso
861 1849 1034 1916 secundum
1057 1848 1284 1937 longitudinem
1306 1871 1394 1914 suam
1416 1873 1547 1940 progre-

287 2026 323 2102 (ἱ)
337 2029 410 2078 Corot.
426 2033 447 2074 l.
474 2025 512 2075 sic
528 2027 705 2075 demonstrauit.
742 2024 885 2075 Resistentis
915 2039 967 2073 eam
983 2023 1059 2086 ipsam
1074 2023 1227 2080 velocitatem,
1245 2030 1271 2070 et
1285 2021 1379 2083 pondus
1394 2021 1495 2083 cylindri
1510 2031 1547 2071 est

253 2091 353 2152 eylmdn'
364 2092 477 2153 cujusque
487 2099 523 2136 est
533 2089 619 2142 directe
631 2101 658 2137 ut
668 2089 770 2138 densitas
780 2090 885 2137 mediiet
915 2089 966 2150 ipsa
976 2090 1077 2150 maritas
1091 2103 1133 2149 per
1147 2102 1248 2135 massam
1263 2086 1363 2148 cylindri
1379 2085 1543 2146 multiplicata,

253 2156 288 2200 vis
298 2155 421 2206 uniformis
431 2152 479 2216 qui
489 2163 553 2200 totus
563 2153 662 2214 cylindri
672 2162 757 2210 motus,
769 2169 816 2216 quo
823 2163 884 2200 tern-
916 2167 972 2215 ergo
982 2151 1075 2212 pondus
1085 2151 1191 2212 cylindri,
1208 2159 1243 2198 est
1253 2148 1287 2195 vis
1297 2165 1350 2212 quae
1360 2149 1419 2215 dum
1429 2150 1546 2210 percurri·

252 2232 310 2277 pora
320 2215 477 2278 quadruplum
489 2217 644 2279 longitudinis
659 2231 708 2264 sun
722 2216 830 2264 describit
845 2217 883 2264 vel
914 2225 954 2263 tur
963 2215 1121 2277 quadruplum
1138 2213 1294 2277 longitudinis
1308 2213 1408 2275 cylindri
1422 2213 1545 2262 velocitate

253 2281 360 2342 generari
375 2281 412 2328 rel
428 2281 479 2328 tolli
497 2281 576 2342 possit,
596 2291 619 2328 et
634 2280 724 2328 inversi
740 2291 767 2328 ut
782 2281 883 2329 densitas
914 2280 981 2339 lapsu
992 2275 1034 2340 pe'r
1046 2281 1059 2326 1
1073 2279 1097 2326 G
1107 2277 1226 2341 atrquisiti,
1243 2292 1355 2340 generare
1364 2285 1441 2338 potest
1450 2286 1544 2325 motum

253 2343 352 2406 c‘ylindri
365 2347 407 2408 (ex
417 2345 493 2400 dem.)
502 2363 510 2404 ;
527 2345 568 2392 sed
578 2346 613 2391 vis
623 2344 664 2392 illa
673 2344 796 2392 uniformis
807 2354 841 2392 est
857 2345 883 2390 in
915 2345 967 2407 ejus
976 2343 1074 2404 cylindri
1084 2342 1113 2390 ed
1122 2341 1242 2389 velocitate
1252 2341 1318 2389 moti·

253 2409 344 2456 ratione
360 2407 488 2470 compositi
499 2423 527 2456 ex
538 2409 666 2458 rationibus
676 2409 768 2456 directis
778 2408 883 2470 longitu·
948 2405 1012 2455 Cim
1022 2405 1077 2454 verti
1087 2407 1191 2454 celerius
1206 2421 1259 2467 quae
1269 2405 1337 2466 lapsu
1347 2421 1388 2466 per
1400 2405 1415 2453 1
1428 2405 1453 2454 G
1463 2405 1543 2468 acqui-

254 2471 316 2519 dinis
334 2473 441 2534 cylindri,
463 2472 570 2534 quadrati
586 2472 699 2528 diametri,
723 2473 842 2520 densitatis
858 2481 883 2519 et
913 2471 974 2518 ritur
983 2471 1013 2517 sit
1023 2470 1053 2518 ad
1063 2485 1115 2517 eam
1125 2485 1180 2517 cum
1191 2467 1239 2532 qui
1253 2468 1374 2530 cylindrus
1388 2479 1498 2517 movetur
1513 2477 1544 2517 ut

253 2535 360 2598 quadrati
377 2537 504 2584 velocitatis
520 2546 544 2583 et
559 2551 588 2583 ex
603 2537 692 2584 ratione
707 2537 797 2584 inversi
812 2535 879 2596 spatii
915 2537 938 2582 Ε
950 2535 972 2582 F
982 2538 994 2564 ²
1005 2534 1034 2581 ad
1048 2535 1070 2582 Ε
1084 2535 1172 2582 F2-
1183 2534 1205 2580 P
1217 2534 1273 2588 Ψ.
1311 2532 1543 2593 Quadruplumlon-

252 2600 367 2659 descripti,
393 2617 434 2648 seu
456 2615 486 2646 ex
506 2600 595 2646 ratione
616 2599 705 2648 inversi
725 2599 878 2662 longitudinis
912 2599 1026 2662 gitudinis
1038 2597 1136 2658 cylindri
1146 2596 1240 2658 proprii
1249 2594 1293 2644 suti
1301 2596 1472 2644 celeritatealio
1480 2605 1543 2644 tem·

252 2663 351 2724 cylindri
364 2663 452 2725 (280.).
488 2663 568 2718 Quard
580 2665 632 2726 (per
642 2665 832 2722 compositionem
842 2679 881 2710 ra·
911 2676 968 2722 pore
978 2672 1095 2722 percurret
1105 2659 1176 2724 quim
1186 2661 1206 2707 si
1216 2669 1337 2707 moveamr
1345 2660 1463 2708 celeritate
1472 2660 1542 2722 lapsu

252 2727 345 2778 tionum
361 2736 385 2775 et
400 2742 429 2775 ex
440 2727 526 2788 ecquo),
546 2727 674 2775 resistentia
688 2726 786 2788 cylindri
801 2727 880 2789 cujus·
911 2726 979 2787 per-I
996 2723 1149 2789 Gacquisiti.
1186 2725 1294 2773 Gravitas
1307 2740 1364 2789 ergo
1373 2723 1481 2787 cylindri,
1497 2725 1543 2775 erit

252 2806 361 2852 cumque,
380 2791 400 2837 si
419 2792 552 2837 conferatur
568 2805 623 2836 cum
642 2792 768 2837 resistendi
786 2792 881 2839 alterius
912 2791 941 2838 ad
959 2805 1011 2837 eam
1032 2790 1080 2837 rim
1096 2788 1145 2852 qui
1162 2788 1263 2850 cylindri
1282 2789 1392 2837 velocitas
1412 2790 1542 2851 acquiritur

252 2853 361 2915 cylindri,
383 2864 418 2901 est
433 2856 458 2901 in
475 2854 564 2903 ratione
573 2868 626 2915 qua
637 2856 783 2914 componitur
798 2869 828 2901 ex
842 2870 879 2903 rs·
911 2864 1017 2914 tempore
1026 2868 1074 2915 quo
1084 2852 1242 2916 quadruplum
1252 2852 1407 2915 longitudinis
1421 2868 1472 2900 suar
1486 2868 1541 2914 pro-

251 2917 316 2964 tione
327 2918 447 2965 densitatis
463 2917 541 2973 medii,
561 2927 585 2965 et
600 2920 688 2965 ratione
703 2917 820 2979 duplicant
830 2918 879 2966 dia·
911 2916 964 2979 priti
973 2918 1016 2965 sari
1029 2918 1147 2965 celeritate
1162 2916 1306 2975 describitur,
1323 2914 1409 2964 directi
1419 2926 1448 2964 ut
1457 2918 1541 2965 celeri·

252 2982 320 3029 metti
332 2992 355 3028 et
366 2982 482 3042 duplicati
493 2983 581 3029 ratione
592 2981 723 3029 velocitatis.
910 2990 970 3029 tatas
984 2997 1038 3045 quae
1052 2981 1082 3028 iis
1096 2981 1184 3028 viribus
1199 2980 1352 3043 acquiruntur
1365 2989 1391 3027 et
1406 2980 1496 3028 inversi
1510 2990 1541 3029 ut

284 3044 315 3106 (¹)
329 3049 341 3075 *
356 3050 428 3093 Corui.
443 3052 465 3093 2.
485 3046 522 3093 Sic
534 3046 710 3092 demonstratur.
733 3052 746 3077 *
757 3046 782 3093 Si
792 3046 879 3093 canalis
910 3054 1015 3107 tempora
1024 3045 1109 3107 quinus
1118 3045 1278 3107 acquiruntur,
1289 3059 1343 3107 que
1353 3053 1459 3104 tempora
1466 3048 1537 3109 (cum

251 3122 300 3155 non
311 3108 341 3155 sit
351 3109 457 3157 infinitus
467 3120 572 3169 respectu
583 3112 663 3157 basem
674 3109 772 3171 cylindri
783 3110 876 3167 inclusi,
909 3120 992 3171 agatur
1002 3109 1033 3157 de
1042 3108 1193 3159 describendo
1202 3107 1351 3155 uniformiter
1365 3107 1448 3155 eodem
1464 3109 1540 3169 spatio

252 3184 400 3221 resumantur
414 3190 442 3221 ea
457 3188 511 3236 quae
532 3176 576 3221 sub
592 3173 686 3219 initium
707 3174 791 3221 Theon
809 3174 878 3223 istius
908 3172 1039 3235 qusdmplo
1049 3187 1134 3233 nempe
1143 3171 1297 3235 longitudinis
1307 3171 1418 3233 cylindri)
1434 3181 1491 3220 sum
1500 3173 1539 3219 in·

253 3235 400 3285 XXXVII.
425 3238 575 3296 dicebantur;
603 3239 678 3296 primo
703 3252 787 3299 nempe
813 3238 877 3300 quod
909 3236 973 3283 versi¹
982 3246 1011 3284 ut
1022 3236 1160 3293 velocitates,
1176 3234 1275 3298 idedque
1287 3235 1381 3295 pondus
1391 3235 1492 3297 cylindri
1502 3244 1539 3285 est

251 3300 389 3349 ascendente
400 3301 492 3349 circello
501 3302 527 3348 in
538 3301 612 3348 canali
622 3301 708 3358 clauso,
723 3302 830 3349 velocitas
839 3317 877 3349 re·
909 3300 940 3348 ad
950 3301 997 3347 rim
1007 3300 1054 3363 qud
1064 3300 1116 3363 ejus
1126 3300 1226 3362 cylindri
1240 3309 1320 3347 motus
1334 3299 1462 3362 acquiritur
1477 3308 1538 3347 tem-

250 3364 322 3411 lntiva
340 3380 406 3427 aquae
422 3380 513 3425 semper
528 3366 557 3411 sit
576 3364 605 3411 ad
624 3365 674 3427 ejus
690 3366 832 3412 velocitatem
848 3374 876 3411 ut
908 3379 966 3425 pore
976 3379 1024 3427 qno
1037 3364 1195 3426 quadruplum
1210 3362 1365 3425 longitudinis
1379 3378 1430 3410 snas
1444 3363 1539 3425 proprii

234 3456 235 3459 =
250 3429 311 3476 basis
321 3429 407 3475 canalis
419 3429 441 3477 E
456 3428 517 3477 Fnd
527 3428 642 3475 annulum
656 3428 678 3475 E
692 3430 767 3475 Psive
784 3428 813 3476 ad
829 3428 875 3476 dif-
908 3428 952 3476 suti
962 3428 1078 3476 celeritate
1093 3427 1231 3476 describitur
1245 3428 1281 3475 bis
1296 3425 1384 3474 directi
1394 3435 1422 3474 ut
1432 3427 1538 3475 celeritas

249 3492 371 3539 ferentinm
383 3494 523 3541 circulorum
536 3492 558 3539 E
573 3493 593 3539 F
604 3502 627 3539 et
640 3492 662 3539 P
674 3493 700 3547 Q
709 3494 755 3539 sire
766 3502 793 3540 ut
802 3494 824 3539 E
836 3492 875 3539 1²²
907 3492 975 3553 lapsu
986 3508 1027 3553 per
1039 3493 1055 3549 t,
1066 3492 1090 3539 G
1101 3492 1221 3554 acquisita,
1232 3490 1263 3537 ad
1273 3490 1415 3539 celeritatem
1427 3490 1536 3553 cylindri,

250 3556 281 3603 ed
299 3556 322 3603 Ε
336 3556 457 3603 F²-P
475 3557 537 3612 (2²3
554 3566 672 3617 quaeratur
690 3556 762 3619 igitur
777 3556 876 3603 altitudo
907 3556 1072 3603 sivebisutE
1085 3557 1136 3613 1³²,
1148 3555 1213 3602 adIi
1227 3555 1423 3609 F2-Ptt2r

252 3619 266 3667 I
281 3620 301 3669 G
315 3620 367 3668 talis
378 3630 404 3667 ut
415 3620 523 3667 velocitas
534 3620 600 3680 lapsu
611 3635 652 3679 per
662 3636 713 3667 eam
724 3620 835 3681 acquisita
845 3620 876 3667 sit
941 3620 1008 3681 Ergo
1018 3636 1046 3667 ex
1058 3634 1125 3681 equo
1132 3618 1260 3667 metenda
1270 3627 1305 3665 est
1315 3618 1346 3666 ad
1355 3634 1407 3666 eam
1417 3619 1465 3666 vim
1476 3618 1538 3669 sicut

250 3682 281 3729 ad
297 3684 441 3731 velocitatem
457 3683 550 3739 circelli,
570 3693 598 3730 ut
615 3682 734 3730 EF²ad
751 3684 774 3731 Ε
789 3684 875 3731 F2-
908 3682 1535 3746 EF2adEr2-5Ptt2etbautn1t2m

253 3745 275 3793 P
288 3748 338 3802 ρ’,
352 3757 375 3793 et
385 3748 404 3793 si
415 3748 517 3809 fingatur
526 3747 631 3793 clrcellus
641 3747 751 3795 immotus
762 3748 787 3793 in
797 3748 876 3795 medio
908 3747 932 3795 E
945 3748 1031 3795 F2-
1045 3747 1068 3794 P
1080 3748 1131 3802 α’.
1163 3747 1205 3805 At,
1217 3761 1260 3793 nec
1271 3745 1399 3794 resistentia
1408 3762 1453 3795 nec
1462 3762 1491 3795 ea
1501 3747 1538 3796 vis

249 3809 404 3861 foraminisE
418 3812 472 3859 Fet
482 3826 542 3873 aqua
553 3810 637 3858 cadens
647 3827 676 3859 ex
687 3811 810 3859 altitudine
823 3813 836 3859 l
851 3812 875 3861 G
907 3810 1187 3874 mutanturlougitudine
1197 3810 1296 3873 cylindri
1312 3820 1408 3866 mutata,
1425 3810 1466 3858 sed
1482 3822 1537 3859 tan·

249 3887 280 3920 ex
291 3888 344 3921 vase
354 3875 496 3935 amplissimo
510 3876 533 3921 A
543 3876 564 3921 B
576 3876 600 3921 D
610 3876 631 3922 B
643 3890 684 3934 per
694 3874 754 3923 illud
762 3875 874 3932 foramen,
907 3884 959 3923 tum
978 3874 1091 3923 densitate
1108 3873 1200 3922 mutati
1214 3882 1243 3921 ut
1257 3889 1286 3922 ex
1302 3874 1352 3935 ipsa
1368 3874 1539 3935 Propositionis

250 3935 307 3984 crim
326 3939 433 3985 velocitas
450 3954 516 4001 aquae
533 3938 602 3999 juxta
623 3938 741 3986 circellum
763 3940 876 3987 transiens
907 3940 1103 3986 demonstratione
1118 3938 1198 4001 liquet,
1215 3948 1250 3985 est
1263 3946 1343 3985 autem
1354 3938 1389 3985 ris
1398 3938 1446 4001 qut
1456 3948 1538 3988 maan

250 4000 332 4047 eadem
354 4012 383 4049 nt
404 4018 430 4051 ac
449 4003 557 4050 velocitas
577 4006 701 4062 respectiva
722 4019 788 4064 aquae
805 4004 876 4066 juxta
907 4004 933 4049 in
943 4002 1049 4065 cylindro
1057 3997 1132 4065 aquen
1147 4011 1278 4065 generatur,
1297 4002 1352 4049 dato
1366 4011 1472 4063 tempore
1485 4018 1537 4065 quo

250 4064 381 4125 cylindrum
397 4067 422 4117 in
438 4066 513 4113 canali
529 4066 608 4113 clauso
623 4076 721 4121 motum,
739 4067 798 4113 actio
809 4082 876 4129 aquae
908 4066 1064 4129 quadruplum
1075 4082 1124 4113 sure
1133 4065 1288 4128 longitudinis
1297 4066 1342 4113 auti
1351 4066 1538 4115 cumveloeitate

249 4129 276 4175 in
287 4128 404 4177 circellum
416 4132 524 4191 utrinque
540 4129 635 4193 aequalis
651 4130 765 4176 censenda
776 4141 816 4188 est,
834 4132 874 4177 sed
907 4131 1026 4191 percurrit,
1049 4130 1078 4177 ad
1097 4145 1149 4177 eam
1168 4130 1216 4176 vim
1236 4145 1284 4191 qua
1302 4139 1382 4177 motus
1403 4130 1429 4176 in
1449 4131 1537 4194 aquali

237 4190 309 4243 ,actio
326 4208 392 4254 aquae
411 4194 458 4239 sive
475 4196 526 4255 ejus
544 4194 636 4253 pondus
652 4192 676 4239 in
698 4194 817 4241 circellum
833 4210 875 4255 per
907 4194 1020 4255 cylindro,
1037 4194 1077 4241 sed
1093 4194 1188 4241 diverse
1198 4192 1317 4241 densitatis
1327 4193 1412 4256 aequali
1422 4209 1479 4242 cum
1494 4210 1535 4243 ve·

251 4257 306 4303 Cor.
331 4261 367 4303 10.
391 4258 458 4317 Prop.
480 4258 610 4305 XXXVI.
635 4269 669 4304 est
690 4256 720 4304 ad
741 4258 874 4319 cylindrum
906 4258 998 4305 locitate
1008 4270 1080 4315 moto,
1092 4257 1175 4305 eodem
1183 4267 1287 4318 ternpore
1297 4267 1429 4320 generatur,
1440 4259 1536 4307 utden-

248 4320 317 4382 cujus
335 4322 394 4367 basis
412 4332 447 4368 est
465 4321 570 4367 circellus
591 4320 690 4367 altitudo
708 4321 724 4385 ξ
742 4322 755 4368 I
775 4323 798 4369 G
814 4324 874 4369 sicut
906 4321 961 4369 sitas
979 4338 1046 4384 aqua
1062 4322 1109 4367 sire
1127 4321 1206 4377 medii,
1220 4322 1255 4378 ¹ad
1270 4321 1408 4369 densitatem
1425 4322 1534 4385 cylindri,

249 4384 273 4431 E
288 4384 329 4432 1⁴¹²
349 4384 378 4431 sd
396 4385 418 4429 E
433 4386 449 4430 F
462 4384 543 4445 ὴὲ
556 4386 577 4431 Ρ
594 4386 647 4439 Q2,
667 4388 717 4431 haec
737 4386 814 4447 itaque
829 4386 873 4432 erit
906 4401 962 4447 ergo
972 4386 1066 4432 tandem
1077 4385 1207 4431 resistentia
1216 4394 1251 4432 est
1261 4387 1291 4432 ad
1301 4387 1350 4433 rim
1360 4384 1407 4448 qud
1417 4397 1496 4435 motus
1506 4388 1533 4433 in

248 4450 307 4496 ratio
318 4447 454 4495 resistentia
464 4447 494 4494 ad
506 4447 597 4506 pondus
608 4449 705 4509 cylindri
721 4451 789 4511 aquei
805 4452 873 4513 cujus
905 4449 1011 4509 cylindrp
1028 4449 1134 4512 generari
1152 4450 1189 4495 rel
1204 4450 1256 4496 tolli
1272 4459 1348 4509 potest
1365 4465 1414 4512 quo
1430 4460 1536 4511 tempore

246 4514 307 4559 basis
318 4524 352 4559 est
362 4511 468 4583 circellus
478 4522 501 4558 et
511 4511 609 4557 altitudo
621 4512 638 4573 ᾗ
650 4514 659 4558 Ι
673 4514 695 4560 G
706 4532 713 4572 3
725 4513 765 4561 sed
773 4515 873 4575 gravitas
904 4513 1062 4576 quadruplum
1080 4528 1129 4559 suae
1144 4512 1298 4576 longitudinis
1313 4514 1406 4574 proprii
1420 4530 1476 4561 cunr
1490 4530 1532 4561 ve·

247 4586 282 4625 est
293 4578 326 4623 ris
336 4592 389 4637 quse
400 4586 503 4635 tempore
513 4590 560 4637 quo
570 4574 711 4636 percurritur
725 4578 872 4624 uniformiter
902 4578 995 4624 locitate
1005 4576 1119 4631 describit,
1130 4585 1158 4623 ut
1170 4578 1192 4623 E
1204 4578 1224 4624 F
1231 4580 1244 4606 ²
1254 4577 1284 4623 ad
1297 4578 1320 4623 E
1334 4578 1438 4641 [θ’-ᾖ
1452 4580 1473 4626 Ρ
1485 4579 1530 4633 Q²

246 4640 403 4699 quadruplum
419 4638 571 4701 longitudinis
587 4638 604 4701 I
619 4640 630 4685 l
645 4640 668 4687 G
679 4641 726 4687 sive
737 4648 752 4688 2
765 4642 778 4687 1
793 4642 816 4687 G
832 4657 871 4687 ve-
904 4651 928 4688 et
938 4641 974 4687 bis
981 4650 1009 4687 ut
1020 4641 1043 4687 E
1052 4640 1093 4687 ΙΜ
1102 4640 1132 4687 ad
1145 4640 1167 4687 E
1182 4641 1222 4687 ΙΗ
1233 4666 1267 4679 --
1275 4642 1296 4687 Ρ
1305 4642 1347 4696 Q²
1358 4653 1382 4689 et
1392 4654 1420 4688 ut
1429 4641 1532 4689 densitas

247 4703 339 4751 locitate
350 4704 415 4765 lapsu
427 4718 468 4765 per
481 4703 493 4750 1
508 4703 531 4749 G
542 4700 661 4767 acqulsitd,
673 4720 783 4767 generare
796 4714 872 4766 potest
903 4704 975 4753 nredii
986 4704 1015 4752 ad
1026 4704 1162 4752 densitatem
1174 4704 1281 4766 cylindri.
1320 4706 1351 4761 Q.
1366 4720 1387 4752 e.
1400 4705 1424 4753 d.
