3434 5500
275 397 313 454 16
592 381 933 452 PHILOSOPHIAE
956 378 1228 447 NATURALIS
1286 379 1558 461 [Mosconnum

271 570 324 634 tur
336 561 507 652 hyperbole
527 545 634 625 sectius
649 555 720 645 per-

271 669 437 754 pendicula
453 671 486 734 D
502 669 542 746 Ε,
559 667 661 732 dein
677 667 719 742 G,

272 799 294 864 g
301 800 311 862 ξ
336 789 368 841 et
393 799 505 860 corpus
526 774 721 840 ascendendo

271 896 412 970 tempore
431 885 465 950 D
481 885 514 956 G
528 882 586 970 gd
607 883 721 946 descri-

270 992 324 1060 bet
340 994 474 1076 spatium
491 991 520 1054 E
533 991 566 1056 G
574 1013 596 1077 g
605 1013 631 1071 e,
644 1003 722 1054 tem-

270 1121 348 1184 pore
372 1101 406 1164 D
429 1100 462 1164 G
486 1099 562 1164 BA
588 1096 723 1181 spatium

272 1229 417 1273 aseensus
442 1207 538 1272 totius
569 1207 598 1270 E
620 1204 653 1268 G
675 1205 722 1280 B;
786 1235 816 1290 Ε
903 1240 907 1244 Α

214 1363 218 1374 .
272 1325 414 1399 tempore
431 1313 723 1397 ABKIspetium
910 1393 916 1412 ‚

248 1419 439 1494 descensus
465 1419 541 1485 BF
564 1417 606 1495 K,
630 1430 724 1504 atque
753 1379 897 1541 G.

233 1527 239 1542 ‘
271 1527 455 1612 tempore.I
472 1527 502 1590 K
519 1527 541 1590 k
555 1527 566 1588 i
589 1525 723 1610 spatium
772 1551 802 1606 χ)

272 1634 437 1722 descensus
453 1634 486 1698 K
502 1635 529 1698 F
544 1633 563 1696 f
570 1635 609 1712 k3
625 1646 656 1699 et
669 1657 723 1698 ve.

270 1743 411 1808 locitetes
426 1743 566 1831 corporis
593 1745 788 1830 (resistentiae
802 1745 897 1811 medii
917 1745 1181 1835 proportionales)
1204 1745 1236 1806 in
1252 1744 1365 1809 horum
1381 1753 1562 1825 temporum

271 1851 407 1936 periodis
421 1862 513 1919 erunt
528 1852 558 1918 A
575 1852 603 1916 B
620 1852 649 1916 Ε
665 1854 708 1928 D,
725 1856 757 1918 A
774 1856 802 1920 B
817 1855 881 1934 ed,
905 1855 1001 1934 nulle,
1025 1854 1056 1917 A
1073 1853 1101 1918 B
1118 1854 1145 1918 F
1160 1854 1188 1931 1,
1212 1855 1242 1917 A
1260 1853 1288 1918 Β
1303 1853 1321 1915 f
1329 1853 1340 1915 i
1367 1849 1561 1936 respectivd5

270 1972 363 2046 atque
378 1960 515 2026 maxime
531 1959 685 2038 velocitas,
710 1985 804 2048 quam
819 1985 933 2046 corpus
947 1962 1168 2027 descendendo
1182 1974 1285 2046 potest
1299 1962 1471 2048 acquirere,
1498 1959 1562 2023 erit

274 2075 351 2144 BA
367 2073 395 2138 C
412 2075 458 2142 H.

315 2180 354 2268 (¹¹)
381 2182 566 2246 Resolvetur
591 2183 675 2245 enim
700 2183 914 2269 rectengulum
942 2183 1018 2247 BA
1035 2183 1062 2246 C
1079 2180 1117 2246 H
1141 2182 1175 2245 in
1196 2179 1379 2266 rectungula
1393 2179 1562 2242 innumere

271 2288 302 2351 A
317 2288 349 2370 k,
368 2287 400 2351 K
414 2287 436 2365 l,
453 2289 540 2364 Lm,
558 2287 598 2351 M
612 2310 644 2366 n,
667 2291 724 2353 &u
748 2311 817 2374 quae
833 2291 896 2353 sint
911 2301 946 2353 ut
959 2289 1152 2352 incrementa
1164 2288 1364 2352 velocitetum
1384 2284 1561 2370 aequalibus

270 2393 401 2462 totidem
415 2393 611 2484 temporibus
626 2387 706 2459 facte
714 2419 723 2472 3
747 2407 778 2459 et
792 2409 884 2460 erunt
897 2395 985 2472 nihil,
1004 2396 1034 2460 A
1048 2397 1081 2473 k,
1099 2396 1130 2459 A
1144 2395 1166 2472 l,
1183 2396 1213 2458 A
1228 2417 1273 2473 m,
1292 2395 1368 2472 An,
1385 2397 1441 2459 &e
1457 2403 1494 2456 ut
1507 2413 1564 2456 ve-

274 2503 414 2572 locitates
430 2515 514 2581 totae,
541 2515 633 2587 atque
648 2504 719 2568 ideo
740 2510 810 2588 (per
823 2505 1025 2591 hypothesin)
1048 2517 1084 2569 ut
1097 2505 1280 2568 resistentiae
1294 2505 1390 2568 medii
1404 2500 1563 2587 principio

271 2611 465 2698 singulorum
480 2623 657 2694 temporum
672 2613 848 2696 aequalium.
888 2613 921 2697 (¹)
939 2614 1010 2677 Fiat
1024 2614 1055 2677 A
1072 2614 1100 2677 C
1115 2613 1156 2676 ed
1172 2614 1203 2677 A
1220 2614 1253 2678 K
1267 2613 1318 2678 vul
1332 2614 1364 2676 A
1380 2613 1410 2677 B
1425 2611 1463 2677 H
1477 2611 1505 2673 C
1519 2609 1566 2674 ad

272 2719 303 2782 A
320 2717 385 2785 Bk
402 2716 434 2781 K
449 2727 484 2785 ut
498 2717 543 2781 vis
558 2719 717 2804 gravitatis
732 2719 774 2783 ed
788 2719 996 2785 resistentiam
1016 2721 1051 2791 in
1071 2721 1228 2807 principio
1247 2721 1399 2806 temporis
1421 2717 1563 2797 secundi,

271 2824 372 2909 deque
398 2825 428 2888 vi
453 2825 612 2911 gravitatis
638 2826 852 2913 subducuntur
876 2828 1070 2907 resistentie,
1097 2840 1130 2893 et
1153 2831 1327 2895 manebunt
1356 2831 1388 2893 A
1412 2830 1442 2893 B
1465 2829 1502 2892 H
1520 2830 1563 2910 C,

256 2945 259 2954 ’
275 2934 307 2997 Κ
321 2935 344 2997 k
360 2934 397 2998 H
414 2935 452 3011 C,
469 2934 499 3003 L
513 2934 526 2997 l
542 2934 579 2998 H
595 2935 633 3013 C,
651 2935 691 2999 M
705 2958 738 2999 m
754 2936 792 3005 H
808 2936 846 3015 0,
870 2938 928 3001 &e
950 2950 987 3001 ut
1007 2937 1088 3001 vires
1103 2938 1256 3007 absolutae
1270 2939 1383 3025 quibus
1398 2959 1513 3020 eorpus
1526 2936 1564 3000 in

270 3042 424 3126 principio
447 3042 641 3129 singulorum
655 3054 832 3127 temporum
852 3055 992 3131 urgetur,
1015 3056 1111 3129 etque
1132 3045 1205 3109 ideo
1226 3051 1296 3130 (per
1312 3043 1423 3108 Motits
1439 3044 1564 3130 Legem

273 3150 333 3233 II.)
354 3164 390 3215 ut
403 3152 596 3215 incrementa
609 3152 817 3229 velocitatum,
833 3152 867 3215 id
882 3164 939 3229 est,
955 3165 991 3216 ut
1005 3152 1188 3239 rectangule
1203 3153 1231 3215 A
1242 3154 1275 3229 k,
1293 3151 1326 3215 K
1340 3152 1362 3228 l,
1379 3152 1460 3228 Lm,
1475 3150 1515 3213 M
1525 3172 1562 3227 n,

271 3261 329 3324 &e
353 3270 384 3323 et
405 3259 443 3347 (l)
458 3272 625 3349 propterea
649 3265 718 3351 (per
733 3260 822 3325 Lem.
840 3260 867 3324 Ι.
884 3261 956 3325 Lib.
973 3262 1033 3346 ll.)
1059 3263 1093 3325 in
1115 3262 1335 3349 progressione
1358 3256 1563 3347 geometricfi.

274 3367 382 3443 Quare
397 3367 423 3431 si
438 3380 532 3431 reetoe
549 3368 581 3432 K
595 3368 628 3445 k,
645 3368 677 3432 L
688 3368 711 3445 l,
728 3367 768 3433 M
782 3390 825 3445 m,
842 3368 877 3431 N
889 3390 922 3445 n,
939 3370 996 3432 lm.
1011 3369 1175 3453 productae
1190 3381 1357 3433 occurrent
1377 3366 1565 3453 hyperbolae

270 3474 655 3559 inq,r,s,t,&e.erunt
676 3496 759 3537 areae
782 3472 1301 3560 ABqK‚quL,LrsM,
1320 3473 1474 3549 MstN,
1498 3474 1561 3540 διο.

273 3578 306 3664 (¹)
322 3581 467 3665 aequales,
491 3579 623 3665 ideoque
638 3592 706 3643 tum
721 3581 913 3664 temporibus
927 3593 995 3645 tum
1009 3582 1126 3672 viribus
1141 3581 1301 3669 gravitatis
1316 3604 1441 3667 semper
1454 3602 1563 3665 aeqne-

271 3694 352 3758 libus
380 3696 529 3781 analogae.
574 3695 621 3777 (Μ)
646 3694 704 3757 Est
718 3704 822 3757 eutem
842 3716 915 3758 area
938 3696 969 3759 A
986 3695 1015 3759 B
1030 3718 1052 3781 q
1068 3694 1100 3759 K
1116 3700 1187 3781 (per
1202 3695 1309 3762 Corol.
1326 3705 1356 3759 3.
1373 3694 1462 3757 Lem.
1480 3691 1561 3755 VII.

304 3884 341 3949 (¹²)
362 3888 375 3916 *
400 3888 534 3938 Resolvatur
551 3886 620 3938 enim,
644 3884 686 3931 &e
723 3884 899 3934 Demonstmtio
930 3884 1045 3946 deinceps.
1082 3885 1203 3941 Quoniam
1218 3884 1274 3933 seni
1288 3885 1389 3948 gravitas
1403 3892 1495 3931 motum
1506 3896 1562 3931 oot-

270 3964 324 4011 quee
335 3949 439 4009 sequitur
450 3959 484 3996 est
494 3964 537 4007 pro
547 3948 649 4007 corporis
659 3948 779 3995 descensu.
929 3950 992 4009 poris
1009 3948 1112 3996 cedentis
1130 3950 1242 4003 accelerat
1257 3964 1328 4012 quem
1342 3948 1471 3995 resistentie
1485 3956 1561 3994 retur-

304 4012 334 4075 (1)
353 4017 366 4044 ⁰
385 4016 442 4061 Fiet
453 4014 476 4058 A
489 4015 547 4061 Oud
559 4014 582 4058 A
594 4016 624 4069 K,
637 4012 678 4057 &e
711 4011 774 4060 Cum
790 4011 853 4059 enim
869 4012 900 4060 sit
930 4013 978 4069 dat,
994 4013 1025 4059 de
1034 4013 1058 4065 vi
1068 4013 1186 4074 grevitutis
1195 4012 1323 4061 auferenda
1333 4021 1368 4061 est
1377 4012 1412 4058 vis
1422 4010 1561 4058 resistentia·

272 4077 296 4123 A
310 4075 364 4129 Kk
381 4076 411 4132 B,
433 4075 610 4135 proportionalis
629 4075 763 4125 resistentie
782 4076 898 4143 principio
928 4086 957 4123 ut
966 4078 1078 4124 habeatur
1089 4077 1123 4123 vis
1134 4075 1238 4124 absolute
1247 4076 1294 4139 qud
1304 4092 1389 4137 eorpus
1396 4075 1506 4123 deorsum
1515 4090 1560 4121 ur·

270 4139 380 4206 tenporis
391 4139 494 4194 secundi,
507 4139 525 4191 si
534 4138 575 4186 fist
588 4141 610 4187 A
627 4138 653 4185 K
663 4138 681 4184 k
693 4140 715 4185 B
727 4138 757 4185 ed
769 4140 825 4192 AB
839 4139 897 4187 Hc
927 4149 1004 4203 getur.

270 4220 312 4251 seu
326 4204 348 4251 A
361 4203 387 4251 K
398 4202 428 4252 sd
441 4203 464 4251 A
478 4204 505 4259 C,
523 4212 551 4250 ut
565 4202 694 4251 resistentia
704 4200 746 4249 ills
755 4201 786 4249 ed
796 4204 896 4264 gravitu-
960 4202 997 4267 (k)
1014 4208 1028 4235 *
1048 4206 1080 4251 Et
1082 4203 1210 4265 prepared.
1247 4203 1396 4265 Rectsngule
1413 4202 1436 4249 A
1450 4202 1472 4250 B
1485 4202 1514 4249 H
1527 4204 1557 4260 C,

271 4276 325 4322 tem,
345 4266 508 4327 rectengulum
526 4267 550 4313 A
563 4267 589 4313 H
610 4275 711 4325 exponet
721 4266 768 4311 vim
779 4268 897 4329 gravitatis
930 4267 955 4315 K
967 4268 984 4314 k
997 4268 1024 4314 H
1036 4268 1065 4322 C,
1078 4268 1101 4314 L
1112 4268 1122 4313 l
1134 4268 1161 4314 Η
1175 4269 1203 4324 C,
1221 4268 1264 4314 &e
1283 4266 1419 4314 differentiis
1434 4266 1482 4313 suis
1494 4266 1517 4313 A
1530 4267 1548 4314 k

271 4330 363 4389 detem3
376 4338 399 4377 et
410 4330 480 4380 simili
491 4330 569 4386 modo,
581 4345 635 4376 curn
647 4330 677 4377 sit
687 4330 711 4375 A
722 4329 738 4387 l,
750 4330 781 4377 ed
793 4332 817 4377 A
828 4331 852 4387 k,
871 4339 898 4377 ut
931 4332 957 4379 K
967 4333 985 4388 l,
995 4332 1049 4385 dre..
1066 4331 1254 4390 proportionalis,
1273 4340 1343 4378 erunt
1361 4331 1386 4376 in
1397 4331 1557 4393 progressione

269 4394 398 4445 resistentis
414 4392 480 4441 initio
494 4394 605 4455 temporis
615 4393 677 4439 tertii
693 4393 724 4446 ed
741 4394 895 4441 resistentiam
926 4394 1068 4458 geumetriod
1080 4398 1133 4457 (per
1144 4395 1211 4441 Lem.
1227 4396 1248 4441 Ι.
1260 4395 1314 4442 Lib
1326 4393 1377 4455 Il.)

270 4454 337 4505 initio
348 4458 457 4517 temporis
467 4457 569 4513 secundi,
582 4458 632 4513 erit,
645 4472 673 4503 ex
685 4457 896 4519 aequoperturbetd
959 4460 989 4523 (¹)
1007 4463 1020 4490 ⁴
1039 4461 1158 4521 AEquules.
1178 4460 1249 4522 (580)
1263 4458 1317 4506 Lib
1333 4458 1354 4504 1.

272 4520 896 4578 Armsu‚s0unnmnc,utreeuntutn
959 4521 1546 4586 ,minstautmamasqnmrcoeue
1636 4491 1684 4508 ”

270 4584 383 4647 principio
396 4585 510 4672 ¹temporis
528 4585 590 4633 tertii
612 4584 642 4631 sd
657 4584 801 4648 gravitatem,
825 4594 848 4633 et
863 4584 897 4633 id
928 4589 995 4635 lans.
1021 4590 1078 4637 VII·
1096 4597 1118 4637 et
1136 4588 1203 4636 Lm·
1227 4589 1297 4636 VIII.
1313 4588 1363 4635 Lib.
1377 4588 1413 4648 Ι.)
1428 4589 1460 4633 ud
1475 4600 1553 4633 aream
