3434 5500
256 404 318 470 170
574 396 917 472 PHILOSOPHIAE
940 397 1211 465 NATURALIS
1256 396 1368 478 [Mor.
1386 398 1540 463 Conroa.

252 571 467 665 rectangulum
493 573 551 638 sub
578 574 643 637 Aa
667 584 699 637 et
721 573 820 654 iaB
842 584 891 636 est
914 584 950 638 ut
973 595 993 636 a
1008 571 1037 637 B
1051 583 1084 636 et
1096 560 1269 636 'resistentia
1290 570 1491 656 conjunctim,
1507 583 1539 635 et

251 693 418 763 propterea
433 681 464 743 A
478 703 496 743 a
511 692 546 744 ut
560 681 743 746 resistentia.
789 682 832 757 Q.
847 703 875 745 e.
891 681 922 744 d.

296 789 394 851 Corol.
413 796 441 852 1.
487 788 583 854 Unde
606 791 633 854 si
657 790 831 854 resistentia
852 791 891 854 sit
912 802 949 854 ut
968 790 1125 867 velocitas,
1152 789 1326 854 differentia
1353 810 1480 852 arcuum
1500 789 1535 853 in

249 895 360 960 eodem
373 897 478 962 medio
492 899 551 964 en't
564 911 599 964 ut
613 922 703 964 arcus
718 911 801 966 totus
815 899 1006 986 descriptus:
1029 912 1061 964 et
1074 912 1191 962 contra.

295 1007 396 1071 Corol.
412 1015 442 1073 2.
489 1009 524 1074 si
545 1010 718 1074 resistentia
732 1010 772 1074 sit
784 1010 817 1073 in
831 1010 988 1095 duplicati
1010 1010 1130 1074 ratione
1154 1007 1333 1087 velocitatis,
1359 1007 1533 1073 differentia

247 1114 301 1180 illa
314 1116 373 1180 erit
386 1116 420 1182 in
434 1116 590 1203 duplicati
604 1119 725 1186 ratione
740 1119 831 1186 arctis
845 1121 958 1186 rodus:
981 1132 1013 1185 et
1027 1132 1145 1186 contra.

287 2334 385 2398 Corol.
403 2342 433 2397 3.
478 2331 521 2396 Et
533 2331 756 2409 universaliter,
773 2333 800 2397 si
814 2331 988 2401 resistentia
1002 2332 1041 2397 sit
1055 2333 1088 2396 in
1102 2330 1257 2416 triplicate
1270 2331 1321 2396 vel
1335 2330 1395 2395 alii
1416 2331 1526 2415 quivis

241 2444 362 2508 ratione
390 2442 570 2521 velocitatis,
589 2443 774 2508 differentia
802 2444 862 2508 erit
889 2421 931 2507 in·
951 2442 1061 2508 eidem
1085 2443 1206 2508 ratione
1234 2441 1325 2507 arcirs
1350 2443 1462 2508 totius:
1493 2455 1526 2508 et

240 2568 360 2620 contra.
705 2631 708 2636 Ι

187 2725 188 2735 ,
285 2665 384 2727 Coroi.
400 2671 431 2725 4.
476 2661 520 2726 Et
533 2661 558 2724 si
570 2660 741 2724 resistentia
755 2661 795 2725 sit
808 2661 922 2746 partim
935 2660 968 2725 in
981 2661 1101 2726 ratione
1112 2661 1244 2746 simplici
1255 2659 1435 2738 velocitatis,
1450 2683 1523 2745 par·

240 2773 295 2836 tim
310 2772 343 2833 in
359 2770 497 2856 ejusdem
510 2771 630 2835 ratione
643 2769 809 2854 duplicati,
834 2771 1007 2836 differentia
1028 2772 1088 2835 erit
1107 2771 1223 2855 partim
1238 2770 1271 2832 in
1286 2770 1409 2833 ratione
1433 2769 1523 2833 arcius

239 2882 333 2947 totius
348 2893 379 2945 et
392 2881 506 2965 partim
520 2881 553 2943 in
568 2882 633 2965 ejus
647 2881 768 2945 ratione
781 2879 955 2965 duplicati:
971 2893 1003 2945 et
1016 2893 1135 2945 contra.
1167 2879 1289 2945 Eadem
1299 2878 1359 2944 erit
1368 2877 1463 2943 lexot
1472 2900 1523 2943 ra·

238 2995 283 3059 tio
292 2994 474 3057 resistentiae
481 3015 540 3077 pro
548 2992 719 3070 velocitate,
731 3014 801 3081 quae
809 3004 857 3057 est
867 2990 1050 3056 differentiae
1059 2991 1140 3055 illius
1149 3013 1208 3075 pro
1218 2989 1413 3077 longitndine
1421 2989 1520 3054 arcius

285 3103 386 3166 Coroi.
404 3110 434 3165 5.
479 3100 618 3186 Ideoque
632 3100 668 3178 si,
683 3100 823 3185 pendulo
841 3100 1114 3185 inaequalesarcus
1130 3097 1301 3162 successive
1317 3087 1520 3176 describente,

238 3211 370 3275 inveniri
382 3222 487 3295 potest
499 3212 578 3275 ratio
593 3212 775 3275 incrementi
788 3232 824 3277 ac
839 3210 1028 3275 decrementi
1042 3210 1224 3274 differentiae
1238 3211 1332 3294 hujus
1345 3232 1406 3294 pro
1420 3210 1522 3298 longi-

238 3319 346 3384 tudine
368 3318 458 3384 arctis
481 3319 645 3404 descripte
667 3320 832 3384 habebitur
852 3320 945 3383 etiam
967 3320 1046 3383 ratio
1070 3319 1252 3385 incrementi
1273 3341 1310 3383 ac
1331 3320 1520 3385 decrementi

207 3456 210 3464 ·
238 3430 421 3497 resistentiae
435 3450 495 3514 pro
508 3428 670 3495 velocitate
683 3431 799 3521 majore
813 3428 863 3492 vei
876 3428 1005 3493 minore.

718 3698 866 3762 scholiam
890 3695 1048 3763 Generale.

283 3875 398 3943 Ex·his
414 3876 690 3963 Propositionibns,
703 3904 761 3966 per
775 3880 982 3943 oscillationes
995 3876 1202 3962 pendulorum
1217 3878 1251 3939 in
1265 3876 1376 3943 mediis
1391 3876 1518 3962 quibus·

236 4002 370 4065 cunque,
395 3984 533 4048 invenire
556 3986 630 4050 licet
650 3988 854 4050 resistentiam
869 3986 1052 4049 mediorum.
1096 3985 1188 4047 Aesis
1212 3982 1289 4047 verb
1314 3983 1518 4047 resistentiam

236 4088 418 4173 investigavi
440 4111 497 4173 per
522 4092 733 4177 experimenta
758 4092 925 4178 sequentia.
972 4091 1111 4155 Globum
1136 4090 1274 4176 ligneum
1296 4090 1438 4174 pondere
1458 4111 1517 4157 un-

236 4197 354 4261 darum
370 4199 583 4266 Romanarum
598 4205 690 4283 57272,
713 4202 864 4265 diametro
878 4200 1047 4287 digitorum
1069 4198 1316 4266 Londinensium
1332 4202 1373 4282 6}
1386 4199 1516 4263 fabrica·

235 4316 312 4382 tum,
328 4304 383 4367 filo
394 4306 479 4368 tenui
494 4307 533 4369 ab
548 4331 629 4372 unco
644 4309 717 4373 satis
732 4308 823 4372 firmo
835 4308 993 4391 suspendi,
1009 4308 1052 4369 ita
1066 4317 1102 4368 ut
1115 4306 1195 4369 inter
1210 4326 1325 4399 uncum
1347 4308 1383 4389 (⁰)
1399 4319 1431 4370 et
1444 4328 1516 4370 cen·

235 4482 319 4535 geutur
338 4475 375 4522 vel
396 4473 540 4522 diminuatur
560 4476 586 4522 in
607 4477 661 4525 dati
682 4478 778 4537 ratione,
808 4493 861 4525 arm
891 4476 1015 4538 ungulum
1031 4478 1075 4523 sub
1087 4475 1371 4538 Aeetfiaiieritnta
1383 4476 1405 4524 B
1417 4477 1517 4536 etresis·

237 4538 260 4584 B
273 4537 298 4584 K
311 4539 358 4586 Te
371 4540 495 4602 augebitur
515 4540 552 4586 vel
569 4540 713 4589 diminuetur
729 4543 754 4589 in
772 4542 861 4589 rarione
891 4543 964 4589 terrm
971 4539 1122 4603 conjunctim,
1141 4551 1165 4587 et
1180 4550 1300 4601 propterea
1311 4540 1336 4588 Δ
1346 4557 1362 4587 a
1371 4550 1399 4588 ut
1409 4541 1516 4589 resisten-

235 4601 399 4659 compositior
411 4604 499 4650 ratione
516 4602 669 4666 longitudinis
679 4622 694 4651 a
706 4607 727 4653 B
739 4615 763 4652 et
772 4606 861 4653 ratione
892 4603 931 4651 tia.

235 4662 454 4714 resistentiaeaucte
465 4668 501 4716 val
513 4667 644 4725 diminute,
656 4669 797 4732 proindeque
811 4685 861 4717 reo·
925 4667 959 4731 (⁰)
973 4672 985 4699 ”
998 4671 1032 4718 Et
1043 4676 1150 4717 centrum
1160 4670 1304 4717 modimbais
1317 4670 1384 4730 globi·
1421 4666 1520 4725 Quidsit
