3434 5500
256 408 317 464 nr
475 355 480 366 ’
577 394 921 463 rtrmosomnm
943 395 1216 462 nannenus
1260 395 1373 476 [Moe.
1389 397 1545 466 cassos.

251 601 317 644 non
330 588 434 664 potest
448 575 638 642 descendere
652 575 713 640 nisi
727 572 928 659 impediendo
949 572 1134 636 descensum
1155 593 1245 658 aquae
1267 571 1394 636 alterius
1412 572 1544 638 descen·

252 687 300 749 sui
311 683 539 770 s'uorequalem.
574 682 695 746 Eadem
709 681 755 746 vis
771 680 904 776 eandem
917 702 1008 765 aquae
1022 678 1175 744 effluentis
1185 679 1382 744 velocitatem
1389 703 1544 768 generare

251 795 354 859 debet.

295 902 358 967 Sed
373 902 512 965 foramen
526 901 560 964 in
574 900 673 965 fundo
686 902 776 977 vasis,
792 911 923 985 propter
936 898 1080 985 obliquos
1094 911 1198 963 motus
1213 898 1436 983 particularum
1451 921 1543 985 aquae

251 1007 414 1085 effluentis,
437 1006 533 1092 paulo
547 1008 646 1091 maj'us
662 1029 729 1070 esse
743 1005 838 1070 debet
851 1003 946 1091 quam
961 1005 1058 1090 prius.
1102 1006 1151 1089 (¹¹¹)
1167 1005 1252 1068 Nam
1272 1005 1434 1088 particule
1449 1028 1544 1092 aquae

244 1119 312 1202 jam
326 1138 391 1180 non
407 1128 569 1180 transeunt
583 1136 692 1178 omnes
713 1135 771 1198 per
785 1112 928 1176 foramen
949 1110 1268 1195 perpendiculariter3
1290 1110 1346 1174 sed
1360 1134 1380 1174 a
1393 1109 1543 1176 lateribus

249 1224 331 1288 vasis
347 1223 485 1308 undique
500 1222 691 1286 confluentes
706 1231 739 1284 et
752 1221 786 1282 in
800 1219 941 1284 foramen
963 1230 1197 1306 contengentes,
1224 1217 1357 1303 obliquis
1379 1231 1544 1284 transeunt

250 1331 403 1405 motibus3
426 1342 459 1394 et
481 1347 606 1392 cursum
626 1348 719 1407 suum
740 1325 888 1389 deorsum
907 1325 1069 1388 flectentes
1090 1324 1124 1386 in
1143 1346 1255 1386 renam
1272 1347 1363 1410 aquae
1384 1326 1542 1390 exilientis

249 1439 438 1523 conspirant,
467 1457 537 1522 quae
559 1433 669 1498 exilior
691 1446 738 1498 est
756 1433 853 1516 paulo
874 1432 957 1496 infra
978 1432 1119 1496 foramen
1139 1430 1233 1518 quaint
1247 1433 1279 1494 in
1294 1433 1364 1516 ipso
1377 1434 1539 1514 foramine,

248 1547 402 1610 existente
424 1545 490 1628 ejus
515 1542 668 1606 diametro
688 1539 729 1603 ad
751 1539 937 1604 diarnetrum
950 1537 1110 1602 foraminis
1132 1552 1167 1601 ut
1182 1547 1201 1602 5
1218 1539 1258 1601 ad
1273 1548 1304 1615 6,
1321 1540 1370 1602 vel
1385 1546 1426 1622 5}
1442 1543 1484 1604 ad
1498 1547 1541 1626 6}

248 1648 510 1739 quamproxime,
527 1649 553 1713 si
569 1646 666 1712 modd
681 1647 847 1712 diametros
862 1644 946 1710 recte
961 1645 1120 1710 dimensus
1135 1667 1216 1708 sum.
1262 1646 1418 1712 Parabam
1434 1651 1542 1736 utique

246 1762 395 1826 laminam
419 1759 546 1844 planam
574 1769 758 1842 pertenuem
778 1755 812 1818 in
837 1754 943 1818 medio
970 1753 1169 1838 perforatam,
1198 1755 1352 1820 existente
1381 1758 1542 1824 circularis

246 1867 407 1932 foraminis
422 1867 574 1929 diametro
587 1864 725 1948 partium
740 1862 877 1948 quinque
899 1873 1079 1924 octavarum
1100 1861 1199 1947 digiti.
1245 1861 1288 1925 Et
1301 1884 1342 1926 ne
1356 1886 1436 1927 vena
1451 1889 1544 1951 aquae

247 1975 412 2049 exilientis,
440 1971 583 2035 cadendo
604 1969 829 2034 acceleraretur
851 1980 884 2032 et
906 1967 1133 2032 acceleratione
1157 1967 1342 2037 redderetur
1367 1975 1540 2058 angustior,

245 2082 329 2146 h'anc
343 2075 570 2154 laminammon
584 2079 683 2142 fundo
695 2078 751 2142 sed
765 2077 856 2142 lateri
870 2077 951 2146 vasis
962 2076 1047 2139 effixi
1062 2076 1116 2152 sic,
1133 2088 1168 2140 ut
1181 2098 1261 2140 vena
1275 2076 1328 2140 illa
1339 2079 1542 2165 egrederetur

247 2191 418 2257 secundrlrn
433 2189 546 2254 lineam
560 2186 715 2251 horizonti
728 2183 922 2270 parallelum.
968 2184 1054 2247 Dein
1069 2183 1124 2246 ubi
1138 2205 1192 2246 vas
1207 2183 1287 2268 aqui
1302 2184 1431 2267 plenum
1447 2201 1539 2266 esset,

246 2301 354 2386 aperui
376 2300 515 2363 foramen
532 2310 566 2361 ut
581 2319 662 2383 aqua
676 2294 832 2368 effluerett
855 2306 888 2356 et
901 2314 990 2358 venae
1005 2292 1166 2369 diameter,
1188 2293 1230 2356 ad
1251 2292 1430 2358 ducentium
1452 2299 1542 2382 quasi

247 2411 370 2474 dimidii
384 2410 474 2498 digiti
488 2433 513 2473 a
522 2407 674 2472 foramine
687 2405 781 2492 qudm
796 2401 1027 2468 accuratissime
1047 2416 1236 2482 mensurata,
1262 2405 1381 2488 prodiit
1401 2409 1539 2491 partium

246 2519 355 2606 viginti
370 2516 508 2582 etunius
524 2514 831 2602 quadragesimarum
846 2509 945 2597 digiti.
991 2509 1030 2595 (¹²)
1048 2510 1126 2574 Erat
1139 2510 1235 2598 igitur
1249 2510 1401 2577 diameter
1411 2512 1547 2615 forami-⁴

282 2736 322 2796 (Μ)
342 2739 354 2767 ⁸
373 2738 440 2785 Nam
457 2737 580 2797 particula
602 2750 678 2797 uque,
702 2733 744 2780 &a
781 2729 874 2780 Clariss.
909 2729 1043 2779 acceleratio
1053 2729 1138 2789 moins,
1149 2745 1203 2793 que
1213 2731 1322 2781 omnibus
1332 2732 1442 2797 gravibus
1452 2735 1537 2783 raden-

250 2786 338 2846 Daniel
359 2799 510 2847 Beruoulliue
529 2812 619 2859 paragr.
633 2804 657 2845 ὅ.
678 2796 738 2843 Sect.
754 2794 801 2843 lV.
821 2796 878 2855 Hy·
909 2796 971 2843 tibus
986 2796 1117 2862 communis
1128 2805 1170 2852 est,
1182 2806 1206 2842 et
1215 2795 1264 2858 qud
1274 2798 1300 2845 tit
1311 2808 1338 2845 ut
1348 2799 1423 2860 major
1433 2799 1463 2846 sit
1473 2799 1537 2847 relo-

248 2863 420 2923 drodynnmicae
426 2864 555 2908 observavit
562 2860 686 2921 particulas
694 2874 753 2907 cerae
761 2858 877 2919 Hispani·
909 2859 966 2905 citas
975 2872 1043 2920 aque
1053 2860 1078 2905 in
1088 2859 1140 2907 loco
1150 2860 1253 2907 inferiori
1263 2877 1277 2908 e
1286 2862 1301 2908 f
1307 2861 1378 2923 quim
1386 2862 1411 2908 in
1419 2863 1536 2922 superiore

247 2941 281 2972 cae
292 2926 359 2987 aquis
369 2926 501 2973 innatantes
511 2923 544 2971 itrl
554 2940 609 2971 cum
616 2923 771 2986 aquiinrsse
780 2924 875 2978 moveri,
909 2923 932 2969 E
947 2922 981 2979 F3
998 2923 1054 2985 quia
1068 2923 1131 2969 enim
1147 2939 1232 2986 aquam
1248 2942 1296 2972 asse
1307 2926 1331 2971 in
1343 2935 1404 2973 statu
1415 2937 1534 2985 manente,

248 2998 275 3035 ut
285 3005 339 3051 quae
350 2990 469 3035 foraminis
479 2998 559 3035 centro
570 2989 726 3040 Cimminent,
738 3002 779 3047 per
790 2987 877 3033 lineam
908 2986 1052 3048 eandemque
1068 2987 1164 3046 pmtnde
1176 2987 1246 3051 (att)
1257 2987 1321 3035 illius
1330 2989 1483 3050 quantitatem
1494 3004 1537 3051 per

247 3054 380 3099 verticalem
399 3053 426 3099 H
441 3054 471 3109 G,
491 3050 641 3111 descendant,
659 3052 710 3098 alita
726 3049 780 3099 vero
796 3064 878 3096 omnes
909 3051 1021 3097 sectiorms
1040 3050 1063 3097 Ε
1082 3051 1142 3097 Fet
1157 3053 1198 3104 ef,
1218 3052 1300 3099 eodem
1319 3062 1423 3113 tempwe
1440 3054 1537 3102 effluere

908 3114 1068 3174 supponimus,
1080 3111 1151 3162 sectio
1161 3131 1175 3161 e
1185 3116 1200 3161 f
1206 3125 1241 3163 est
1251 3116 1281 3163 ad
1291 3118 1417 3164 actionem
1435 3119 1458 3165 Ε
1473 3119 1494 3165 F
1509 3120 1536 3165 in

908 3180 998 3223 ratione
1015 3178 1142 3225 velocitatis
1159 3195 1226 3241 aquae
1244 3180 1269 3225 in
1287 3181 1338 3229 loco
1355 3182 1378 3228 Ε
1392 3181 1419 3237 F,
1437 3182 1467 3228 cd
1483 3184 1537 3245 ejus

909 3240 1054 3288 velocitatem
1069 3243 1094 3288 in
1110 3242 1163 3289 loco
1178 3244 1216 3290 ef
1224 3244 1293 3307 (271)
1305 3255 1329 3292 et
1339 3244 1392 3292 ideo
1408 3246 1480 3293 sectio
1490 3248 1532 3301 ef,

908 3305 996 3351 crateris
1006 3306 1108 3364 paribus,
1124 3306 1200 3353 minor
1210 3323 1259 3353 esse
1269 3308 1338 3355 debet
1347 3308 1449 3357 sectione
1466 3311 1489 3357 Ε
1503 3310 1532 3358 F.

910 3368 1018 3415 Secunda
1028 3370 1190 3417 contractionis
1200 3386 1266 3417 vente
1281 3387 1357 3428 causa,
1377 3390 1448 3436 quam
1459 3376 1534 3422 solam

907 3432 946 3479 hic
956 3433 1092 3480 ¹considerat
1109 3434 1248 3492 Newtonus,
1268 3447 1302 3483 est
1317 3436 1441 3498 obliquitas
1456 3437 1535 3485 motim

907 3496 1072 3555 particularum
1084 3513 1198 3558 aquaeper
1208 3498 1280 3546 linem
1292 3500 1353 3557 PE,
1364 3516 1379 3561 q
1390 3500 1418 3558 F,
1429 3501 1460 3548 ad
1470 3504 1534 3550 fora-

906 3574 962 3606 men
974 3560 997 3607 Ε
1009 3560 1029 3607 F
1040 3561 1202 3619 tendentium
1218 3563 1274 3610 hinc
1285 3564 1348 3609 enim
1359 3565 1393 3621 fir,
1405 3575 1433 3612 ut
1443 3565 1534 3613 seclusi

905 3624 975 3669 enam
986 3625 1051 3670 omni
1061 3625 1225 3672 acceleratione
1237 3626 1316 3675 motiis
1325 3643 1340 3674 a
1350 3628 1464 3690 gravitate
1474 3629 1533 3687 orti,

904 3688 1023 3747 particula
1042 3703 1108 3751 aqua
1125 3700 1272 3752 convergant,
1292 3706 1422 3753 venamque
1440 3704 1533 3741 contra·

904 3751 968 3808 hant,
978 3761 1048 3813 atque
1058 3750 1112 3799 idad
1121 3763 1213 3800 motum
1224 3769 1295 3801 suum
1305 3756 1439 3803 accelerent.

937 3836 972 3900 (¹¹)
990 3840 1004 3867 ⁸
1022 3839 1086 3885 Erat
1103 3840 1175 3899 igitw
1191 3842 1302 3889 dameter
1313 3844 1444 3906 foraminis
1461 3845 1534 3907 ltqjuc

904 3902 1022 3949 mamare
1033 3904 1065 3948 ud
1072 3904 1211 3954 diametrum
1221 3920 1284 3953 vem
1295 3914 1323 3953 at
1332 3910 1362 3954 25
1372 3910 1404 3953 ad
1412 3913 1439 3954 21
1449 3926 1533 3970 qrtum·

899 3963 1011 4025 perenm.
1047 3965 1109 4012 Haec
1127 3968 1186 4013 ratio
1204 3968 1230 4013 in
1247 3969 1409 4028 experimentis
1424 3982 1533 4018 constans

903 4026 952 4074 fare
968 4038 1054 4086 manet,
1071 4030 1091 4075 si
1101 4045 1162 4091 aqua
1172 4046 1186 4077 e
1196 4046 1249 4078 vase
1259 4034 1315 4078 satis
1330 4034 1409 4093 amplo
1425 4050 1466 4093 per
1482 4036 1531 4082 exi·

903 4106 979 4153 guum
995 4093 1100 4140 foramen
1118 4094 1213 4141 lamine
1231 4096 1373 4142 tenuissimae
1388 4097 1534 4158 insculptum

905 4154 992 4212 effluat,
1009 4156 1064 4203 licet
1073 4158 1099 4202 in
1109 4173 1162 4203 vase
1176 4169 1280 4208 mutetur
1295 4176 1362 4222 aqua
1372 4160 1481 4207 foramini
1498 4163 1533 4209 in·

905 4220 1036 4266 cumbentis
1046 4220 1153 4268 altitudo.
1189 4222 1357 4283 Experimenta
1367 4225 1407 4270 illa
1418 4226 1532 4273 iterantur

904 4282 1047 4330 celeberrimi
1057 4286 1222 4343 mathematici,
1240 4288 1348 4334 Marchio
1360 4288 1464 4335 Polenus
1476 4291 1530 4337 Lib.

245 4347 355 4410 utrinque
370 4342 451 4407 positae
466 4351 533 4391 motu
548 4344 596 4391 fere
613 4344 713 4393 verticali
732 4346 873 4397 descendant
905 4345 935 4393 de
956 4348 1062 4396 castellis
1079 4358 1103 4395 ot
1121 4348 1207 4396 Daniel
1227 4351 1378 4398 Bemoullius
1400 4354 1460 4399 Sect.
1483 4354 1529 4400 lv.

244 4411 349 4473 primam
367 4424 409 4470 per
427 4409 500 4455 lineas
516 4422 574 4467 mp,
592 4424 641 4471 nq,
659 4408 708 4456 fere
723 4410 753 4457 ad
769 4412 872 4460 fundum
906 4410 1129 4472 Hydrodynamicre.
1156 4414 1282 4461 Haecsunt
1292 4415 1375 4462 illustr.
1387 4416 1533 4464 Marcbionis

245 4490 320 4538 nsque
333 4476 352 4523 C
367 4475 399 4531 D,
416 4482 514 4534 tumque
530 4486 624 4518 cursum
639 4488 708 4520 suum
719 4490 798 4521 versus
809 4477 870 4523 fora·
904 4477 973 4522 verba
983 4491 1036 4537 pag.
1047 4482 1087 4523 58.
1096 4483 1137 4527 59.
1157 4484 1173 4507 “
1187 4478 1292 4525 Proclive
1302 4491 1380 4525 autem
1392 4480 1435 4526 erit
1446 4480 1532 4527 intelli-

245 4553 300 4589 men
312 4540 335 4587 E
349 4540 418 4599 Fper
426 4537 499 4583 lineas
512 4536 532 4583 P
545 4534 576 4592 E,
588 4550 602 4595 q
616 4536 636 4581 F
647 4536 731 4585 sensim
743 4538 869 4599 inflectant.
904 4553 966 4599 gere,
978 4539 1109 4587 confirmari
1120 4556 1149 4587 ex
1160 4540 1235 4588 allatis
1245 4542 1408 4602 experimentis
1418 4545 1532 4591 rationem

247 4602 401 4667 Itaquereua
416 4616 483 4663 sque
499 4599 614 4647 exilientis
626 4600 648 4645 Ε
662 4599 707 4647 Ff
714 4618 727 4648 e
738 4601 825 4661 duplici
842 4604 872 4651 de
904 4602 966 4648 iuter
984 4603 1107 4650 diametros
1123 4606 1264 4653 foraminum
1280 4617 1304 4653 et
1322 4622 1390 4669 aque
1408 4617 1532 4659 conuecta

246 4667 316 4714 causti
326 4666 468 4720 contrahitur
484 4680 557 4726 usque
572 4663 646 4709 incf
653 4664 723 4723 paulo
735 4666 795 4713 infra
811 4668 872 4714 fora·
905 4664 1029 4713 diametros
1047 4683 1061 4714 a
1079 4668 1128 4713 viro
1146 4684 1240 4717 summo
1257 4670 1339 4717 isaaco
1362 4672 1486 4725 Newtono,
1504 4680 1532 4719 ut

246 4745 301 4776 men
313 4731 337 4778 E
351 4730 377 4778 F.
415 4730 494 4778 Prima
510 4726 673 4783 connectionis
683 4726 747 4775 illius
758 4740 874 4779 causaest
904 4728 959 4777 ante
969 4729 1078 4788 diximus,
1095 4732 1250 4781 constitutam.
1286 4734 1343 4782 Non
1354 4743 1433 4783 tamen
1443 4736 1532 4788 infictae

1212 4842 1224 4869 0
