3434 5500
80 431 86 450 “
133 438 706 540 teeeeseeee..].1›1e1ncnn
731 445 1102 515 Mannnnamca.
1361 458 1417 516 131

133 634 235 718 premi
249 647 355 717 partes
369 645 402 695 et
415 633 594 715 superficies
609 630 745 695 secunda
762 628 829 692 BF
844 632 877 694 K
889 633 959 711 (per
971 627 1067 710 Prop.
1079 621 1193 702 XIX.)
1209 621 1246 706 (⁸)
1261 642 1320 706 pso
1334 641 1421 686 men-

136 741 207 803 suri
230 738 287 802 sui
309 738 469 823 aequaliter
489 749 682 822 premuntur.
728 735 887 800 Premitur
910 744 1062 817 praeterea
1087 730 1266 816 superficies
1288 728 1422 794 secunda

136 849 166 913 B
188 839 217 912 'F
240 847 274 911 K
295 847 327 910 vi
348 835 485 931 propriae
506 845 675 931 gravitatis,
699 865 769 930 quae
861 867 866 877 ·
1184 825 1190 834 ³

135 956 245 1020 addita
258 954 290 1017 vi
314 955 413 1038 priori
427 953 500 1016 facit
513 954 706 1037 pressionem
719 952 776 1015 du·

135 1064 231 1148 plam.
278 1061 352 1124 Hac
365 1061 535 1145 pressione,
557 1083 616 1145 pro
630 1061 774 1124 mensuri
977 1127 990 1152 ‚.

106 1154 108 1159 Ι
136 1172 204 1250 sut,
220 1183 253 1236 et
266 1172 394 1255 insuper
408 1171 439 1233 vi
453 1171 589 1255 propriae
603 1171 772 1257 gravitatis,
868 1216 883 1258 y
1202 1152 1223 1174 ’”
1243 1197 1320 1247 ·..,
1348 1171 1381 1260 ··,

135 1281 171 1344 id
182 1290 238 1357 est,
254 1279 415 1363 pressione
425 1276 518 1361 tripla
528 1289 658 1364 urgetur
667 1299 775 1361 super·
848 1279 867 1343 ,¹
892 1259 1034 1368 psyif

50 1466 54 1474 .
135 1388 223 1451 ficies
245 1387 339 1450 tertia
369 1386 453 1450 OG
479 1387 518 1449 L.
562 1385 606 1449 Et
635 1385 776 1448 similiter
829 1363 848 1468 3¹
874 1416 884 1480 .‘'
956 1363 983 1476 ,θ’

134 1495 298 1580 pressione
322 1492 495 1578 quadrupli
517 1506 647 1578 urgetur
669 1515 776 1576 super·

135 1603 223 1667 ficies
237 1614 359 1688 quarta,
375 1599 537 1686 quintupld
553 1602 668 1685 quinta,
685 1614 716 1664 et
730 1602 774 1664 sic

135 1711 296 1795 deinceps.
344 1708 468 1790 Pressio
481 1708 577 1795 igitur
591 1708 652 1793 qud
669 1731 776 1793 super·
880 1699 904 1795 ἶ,
964 1691 1004 1799 ’Σ
1344 1787 1351 1802 ·

134 1817 222 1881 ficies
237 1838 435 1901 unaquaeque
450 1827 586 1902 urgetur,
602 1838 668 1878 non
682 1826 777 1880 estut
852 1793 1045 1910 5⁸⁸⁰
1070 1830 1229 1907 ,ΜΝ
1251 1889 1264 1913 ι,
1294 1817 1321 1914 'f
1339 1805 1345 1819 ’

134 1925 294 2011 quantitas
318 1923 419 1987 solida
439 1924 528 1986 fluidi
557 1925 774 2003 incumbentis,
862 1906 1011 2014 Ε“,’““··.,
1349 1910 1362 1940 ”

135 2033 192 2098 sed
201 2045 236 2096 ut
245 2053 395 2095 numerus
404 2024 683 2118 orbiumadusque
694 2055 778 2096 sum-
945 2019 960 2044 ⁵*
1015 2011 1020 2020 Ι

133 2143 278 2237 mitatem
298 2139 404 2214 fluidi3
427 2151 459 2203 et
472 2151 613 2225 aequatur
633 2141 778 2228 gravitati

133 2248 220 2311 orbis
241 2245 343 2308 infimi
363 2244 574 2329 multiplicatae
588 2268 645 2329 per
658 2269 823 2316 numerum
845 2255 989 2318 orbium:
1012 2252 1074 2317 hoc
1088 2264 1143 2331 est,
1166 2252 1310 2340 gravitati
1332 2251 1424 2316 solidi

133 2358 224 2440 cujus
246 2352 358 2417 ultima
383 2352 462 2415 ratio
484 2353 525 2415 ad
546 2353 721 2440 cylindrum
742 2357 934 2441 praefinitum
958 2359 997 2443 (si
1012 2359 1107 2422 modo
1129 2359 1251 2422 orbium
1274 2369 1424 2445 augeatur

133 2482 286 2524 numerus
300 2469 333 2522 et
345 2458 504 2522 minuatur
525 2459 698 2523 crassitudo
711 2461 745 2524 in
759 2463 925 2540 infinitum,
954 2463 998 2527 sic
1013 2476 1049 2527 ut
1064 2464 1144 2526 actio
1164 2465 1322 2550 gravitatis
1338 2486 1357 2526 a
1372 2486 1423 2526 su-

132 2567 264 2652 perficie
288 2563 397 2628 infimi
420 2564 461 2627 ad
481 2587 657 2649 supremam
681 2570 828 2632 continua
850 2569 1013 2650 reddatur)
1038 2569 1092 2632 fiet
1122 2570 1200 2632 ratio
1228 2569 1422 2655 aequalitatis.

136 2661 278 2742 Sustinet
306 2697 383 2763 ergo
412 2668 589 2758 superficies
618 2675 727 2740 infima
754 2677 880 2761 pondus
911 2677 1045 2763 cylindri
1073 2677 1229 2761 praefiniti.
1276 2677 1318 2753 Q.
1339 2699 1367 2740 e.
1390 2677 1421 2739 d.

136 2787 176 2869 (ἀ)
193 2788 238 2851 Et
252 2786 344 2850 simili
359 2786 626 2871 argumentatione
640 2798 726 2869 patet
737 2786 926 2871 Propositio,
943 2786 996 2849 ubi
1011 2786 1145 2873 gravitas
1161 2785 1312 2851 decrescit
1326 2787 1359 2849 in
1373 2808 1423 2848 ra-

169 2956 205 3019 (‘)
216 2959 230 2988 *
245 2960 292 3004 Pro
307 2954 418 3004 mensurii
428 2954 472 3005 aad
481 2960 599 3019 aqualiter
610 2968 759 3018 premuntur.
794 2958 797 2986 l
828 2965 881 3008 175.
910 2960 1026 3021 Designet
1043 2960 1068 3006 D
1083 2959 1104 3005 A
1119 2960 1143 3007 G
1156 2960 1178 3005 Ε
1195 2957 1332 3017 praedictum
1348 2956 1421 3018 cylin-

138 3020 253 3082 Singulae,
274 3020 392 3076 nimirum,
411 3020 540 3079 superficiei
555 3020 664 3067 mundo
678 3032 762 3081 partes,
793 3022 871 3079 drum,
889 3023 957 3085 cujus
972 3022 1032 3069 basis
1044 3022 1070 3068 D
1080 3022 1102 3069 E
1114 3021 1209 3083 equalis
1219 3021 1248 3067 sit
1258 3019 1333 3067 fundo
1348 3022 1423 3079 sphae-

136 3084 227 3130 semote
237 3083 339 3143 partium
350 3083 443 3129 numm
453 3083 545 3143 proprisi
560 3084 679 3145 grarihte,
696 3101 763 3148 aeque
793 3086 842 3133 rico
853 3087 879 3133 D
893 3087 920 3133 H
933 3087 969 3133 M.
1006 3086 1053 3133 Per
1063 3094 1178 3146 punctum
1196 3086 1229 3141 D,
1250 3094 1274 3131 et
1284 3100 1325 3143 per
1335 3092 1422 3144 puncta
1509 3138 1511 3145 ,

136 3156 279 3208 premuntur
289 3147 318 3193 'ac
328 3156 405 3208 partes
415 3147 516 3208 aequales
1364 3166 1372 3183 ·

136 3210 270 3269 superficiei
291 3225 421 3269 supremae;
452 3211 516 3271 quod

136 3290 180 3334 per
193 3275 266 3333 Prop.
277 3274 354 3319 XIX.
365 3274 515 3319 manifestum

137 3338 172 3393 fit,
182 3337 203 3383 si
213 3338 325 3398 spatium,
341 3336 404 3397 quod
414 3336 465 3383 illas
475 3352 514 3383 su·

137 3401 244 3461 perficies
265 3400 376 3453 continet,
404 3409 514 3463 tanquam

136 3464 282 3576 Effiliquod
290 3462 515 3575 condsiitdereturgiuod

198 3543 241 3575 um
265 3543 317 3589 aequ
360 3542 386 3573 er
412 3543 444 3573 un
486 3544 515 3575 ua

138 3606 299 3652 compressam
309 3544 485 3650 complectitnril

172 3656 206 3720 (¹¹)
217 3660 230 3687 ⁴
243 3658 279 3704 Et
289 3658 358 3703 simili
368 3665 515 3715 arguerentu-

137 3724 208 3776 tt'eme,
228 3720 271 3766 &c
304 3720 374 3765 Patet
390 3718 459 3765 utin
476 3734 516 3766 su-

137 3784 225 3843 periori
236 3782 440 3836 demonstratione,
452 3784 516 3844 quod
560 3823 562 3827 .

137 3848 233 3907 pondus
248 3846 350 3907 partium
367 3846 474 3892 omnium
484 3862 516 3892 aa·

137 3912 246 3972 qualium
259 3911 294 3967 D,
309 3909 419 3966 c‚13‚a
430 3909 516 3957 intest

137 3975 203 4034 pecti
214 3974 240 4020 D
254 3974 278 4019 Δ
289 3972 437 4020 existentium
447 3974 515 4020 susti-

137 4046 224 4085 neatur
238 4053 255 4084 a
269 4046 335 4097 parte
346 4037 373 4083 D
383 4051 516 4097 correspon-

137 4100 288 4148 dentefundi
294 4100 400 4160 sphaerici
408 4100 434 4146 D
440 4100 468 4147 H
476 4101 514 4147 M.

138 4166 200 4212 Hoc
215 4165 288 4227 igitur
301 4163 405 4210 fundmn
420 4162 517 4211 sustinet
572 4215 574 4219 ³
658 4222 662 4229 Ι

137 4228 235 4289 pondus
245 4227 354 4288 cylindri,
373 4228 440 4290 quus
455 4228 516 4274 teme

138 4292 237 4353 aequalis
247 4301 283 4338 est
293 4290 422 4350 superficiei
437 4290 514 4348 fundi,

136 4366 164 4403 et
175 4355 275 4402 altitudo
289 4354 372 4401 eadem
387 4369 440 4415 quae
448 4353 516 4401 fluidi

136 4420 299 4467 incmnbentis
312 4418 338 4464 D
351 4418 390 4476 A3
402 4418 473 4465 modo
481 4428 515 4464 ta·
1168 4432 1171 4443 ·

136 4498 194 4529 men
206 4483 232 4528 in
242 4483 301 4529 locis
311 4497 327 4527 a
336 4480 413 4528 fundo
422 4482 534 4541 sphaerico
550 4485 576 4531 D
586 4486 614 4532 H
623 4486 654 4533 M
663 4495 687 4533 et
696 4504 711 4533 a
720 4487 769 4533 bosi
803 4488 857 4536 Bet
867 4488 890 4535 A
899 4486 989 4535 infinite
999 4487 1129 4550 propinqua
1139 4487 1215 4533 ductae
1223 4486 1269 4533 sint
1280 4492 1347 4531 rectae
1357 4482 1382 4529 D
1392 4481 1423 4537 Ε,

136 4546 210 4608 plant
226 4544 329 4607 cylindri
343 4544 548 4606 squameae.
567 4550 649 4596 eedem
667 4559 769 4598 servetur
802 4552 858 4600 nr
874 4562 898 4598 ee
915 4554 936 4597 a
952 4552 975 4597 e
992 4550 1191 4611 perpendiculares
1210 4550 1239 4597 aa
1254 4554 1275 4595 A
1288 4549 1319 4605 s;
1338 4546 1362 4593 tn
1379 4545 1426 4591 ine

138 4610 208 4658 fluidi
226 4610 339 4665 densitas,
358 4608 486 4669 eademque
501 4610 535 4655 vis
549 4613 666 4674 gravitatis
682 4614 771 4675 quaein
803 4614 1031 4675 perpendicularibus
1047 4615 1168 4675 capiantur
1185 4613 1211 4659 D
1228 4614 1258 4669 L,
1278 4612 1300 4658 B
1319 4611 1339 4665 l,
1361 4611 1385 4658 A
1399 4608 1425 4654 K

135 4675 214 4723 basim
226 4672 329 4735 cylindri
339 4671 560 4734 perpendiculariter
568 4676 746 4740 tendatubique.
804 4679 955 4727 densitatibus
970 4678 1036 4725 fluidi
1053 4686 1076 4726 et
1094 4679 1119 4726 D
1131 4678 1162 4735 N,
1181 4677 1202 4723 B
1216 4676 1245 4733 T,
1253 4676 1283 4751 ‚A
1297 4675 1322 4721 X
1339 4672 1426 4721 viribus

771 4762 811 4809 12
