3434 5500
280 450 344 507 soa
593 436 934 521 emtosorfflm
958 434 1229 501 uaruaatrs
1284 434 1396 513 [Mor.
1414 434 1568 499 eonion.

237 634 240 641 ·
281 612 347 674 rior
359 610 390 673 vi
406 609 508 693 aliqui
523 608 714 672 extrinsecus
728 605 878 692 impressi
892 617 1014 671 mamm
1022 604 1111 667 illum
1119 613 1293 679 conservet,
1308 602 1421 669 efficiet
1435 615 1470 669 ut
1483 603 1569 669 idem

280 719 431 805 paulatim
446 729 555 782 cesset.

325 826 408 901 Qum
423 824 528 889 omnia
539 826 574 887 iu
590 822 669 911 aqui
682 821 840 908 profundi
855 831 1018 909 stagnante
1032 819 1169 905 experiri
1182 818 1265 885 lieet.¹

523 1116 807 1207 raorosmo
829 1116 907 1183 tu.
951 1098 1226 1183 ruaonauu
1247 1116 1325 1183 xt.

278 1323 317 1388 Si
329 1324 449 1405 spiare
463 1323 570 1397 solido,
594 1322 628 1383 in
629 1322 736 1407 fluido
748 1320 895 1405 uniformi
908 1328 938 1383 et
952 1320 1081 1403 irpinito,
1105 1320 1187 1382 circo
1200 1340 1285 1381 orem
1294 1322 1449 1402 positione
1463 1326 1582 1410 dotum,

322 1431 468 1515 uofformi
481 1452 545 1493 cum
557 1439 637 1492 motu
650 1432 830 1505 revolvatur,
847 1439 877 1493 et
891 1430 930 1491 ab
943 1428 1028 1512 lopus
1044 1432 1170 1511 impulsa
1184 1432 1246 1492 solo
1260 1439 1375 1513 agatur
1381 1434 1517 1519 fluidum
1533 1438 1568 1499 in

324 1542 443 1613 orbam·
460 1543 630 1623 perseum
643 1550 740 1603 uidem
748 1541 851 1626 fluidi
858 1562 938 1623 port
952 1562 1137 1623 unoquoque
1148 1540 1338 1622 unfformiter
1352 1545 1385 1605 in
1399 1556 1479 1608 motu
1493 1569 1567 1611 suo.-

324 1652 391 1714 dico
412 1652 491 1734 quod
503 1661 637 1731 tempora
646 1651 806 1732 periodica
822 1652 961 1731 portium
969 1651 1072 1736 fluidi
1086 1659 1173 1714 erum
1187 1660 1220 1715 at
1234 1653 1385 1733 quadrata
1400 1655 1567 1720 distantio-

323 1780 391 1821 rum
404 1780 427 1821 a
439 1767 540 1822 rouro
553 1758 688 1841 pharo.

326 1970 395 2033 cas.
412 1978 441 2032 1.
466 1970 514 2034 sit
528 1970 559 2033 A
575 1969 603 2033 F
617 1969 647 2033 L
661 1969 782 2053 sphaera
797 1969 993 2033 uniformiter
1015 1969 1097 2031 cirea
1112 1990 1202 2033 axem
1220 1968 1243 2033 S
1258 1968 1292 2030 in
1307 1968 1417 2033 orbem
1432 1984 1510 2048 acta,
1535 1985 1567 2035 et
1586 1988 1588 1993 '

279 2075 404 2139 circulis
427 2076 629 2139 concentricis
652 2075 729 2139 BG
746 2076 796 2153 M,
820 2076 848 2139 C
869 2075 906 2139 H
923 2074 965 2150 N,
989 2074 1056 2139 DI
1073 2074 1114 2149 Ο,
1133 2074 1162 2137 Ε
1178 2074 1210 2137 Κ
1228 2066 1264 2151 Ρ,
1282 2075 1339 2139 &a
1357 2076 1567 2163 distinguatur

277 2184 411 2247 fluidum
434 2184 468 2247 in
490 2184 583 2247 orbes
606 2185 785 2247 innumeros
807 2182 1019 2247 concantrieos
1039 2181 1179 2265 ejusdem
1198 2182 1419 2247 crassitudinis.
1465 2184 1567 2273 Finge

277 2301 386 2355 autem
406 2290 498 2353 orbes
511 2290 582 2353 illos
595 2312 663 2353 esse
684 2289 816 2364 solidos;
838 2300 870 2351 et

278 2397 426 2483 quoniam
435 2397 663 2485 homogaueum
672 2396 866 2474 estfluidum,
942 2460 948 2469 ,

276 2506 496 2591 impressiones
511 2506 728 2593 contiguorum
743 2506 868 2568 orbium

276 2610 314 2672 in
326 2632 360 2673 se
374 2609 596 2687 mumolane,
619 2624 711 2673 erunt
727 2616 796 2695 (per
808 2610 869 2696 hy·

277 2718 436 2802 pothesin)
461 2730 499 2784 ut
519 2740 627 2782 eorum
649 2719 867 2782 translationes

276 2827 318 2889 ab
333 2827 463 2890 invicem
478 2839 510 2891 et
524 2826 702 2910 superficies
710 2828 869 2914 contiguae
1000 2904 1009 2925 ,1

275 2935 437 3020 inquibus
459 2937 676 3020 impressiones
697 2937 784 3001 fiunt.
830 2938 866 3001 Si
959 2937 1089 3028 .··'''.··..···⁶

275 3041 438 3127 impressio
451 3044 484 3106 in
499 3044 607 3108 orbem
618 3045 753 3130 aliquem
767 3047 866 3132 major

277 3166 324 3214 est
348 3151 397 3214 vel
419 3153 522 3215 minor
547 3175 587 3216 ex
611 3167 700 3238 parte
729 3152 865 3217 concavi
1046 3143 1066 3244 ξ’

277 3258 369 3346 quim
385 3283 425 3323 ex
439 3273 529 3345 parta
543 3261 700 3337 conveui3
714 3261 865 3347 praevule-

275 3365 322 3428 bit
332 3368 495 3450 impressio
503 3367 622 3445 fortior,
633 3379 665 3431 et
673 3369 865 3432 velocitatem
1271 3434 1281 3456 Ι,
1319 3436 1328 3461 .·
1361 3436 1369 3462 Ι,
1408 3449 1414 3461 ι

275 3475 360 3537 orbis
371 3474 421 3537 vel
432 3475 616 3538 accelerabit
625 3475 674 3538 vel
683 3476 863 3555 retardabit,
944 3462 974 3565 '‘'t

274 3594 369 3665 prout
393 3583 427 3645 in
450 3583 581 3646 eandem
609 3585 771 3670 regionem
794 3608 867 3650 cum
979 3585 991 3609 '⁰

276 3690 372 3775 ipsius
386 3704 472 3756 motu
487 3691 537 3755 vel
551 3692 584 3755 in
594 3695 779 3757 contrariam
789 3694 864 3757 diri-

222 3828 233 3843 ,
274 3799 367 3886 gitur.
402 3799 541 3863 Proinde
555 3814 591 3864 ut
600 3801 685 3865 orbis
699 3803 865 3888 unusquis-

275 3930 335 3992 que
349 3909 381 3970 in
396 3920 485 3971 motu
499 3931 556 3971 suo
570 3922 747 3992 perseveret
768 3912 973 3994 uniformiter,
996 3917 1155 3982 debebunt
1176 3916 1393 4002 impressiones
1408 3938 1449 3980 ex
1469 3928 1565 4000 parte

273 4015 404 4102 utrique
427 4018 484 4080 sibi
507 4019 638 4081 invicem
653 4021 780 4103 aequari,
796 4034 828 4085 et
842 4021 912 4086 fieri
926 4024 959 4088 in
974 4027 1118 4114 regiones
1142 4028 1321 4092 contrarias.
1360 4027 1464 4104 ¹Unde
1486 4025 1563 4089 etim

273 4124 491 4208 impressiones
507 4127 568 4189 sint
583 4138 619 4190 ut
632 4128 788 4214 contiguae
803 4130 983 4214 superficies
1006 4147 1037 4196 et
1057 4134 1171 4198 harum
1184 4134 1399 4224 translationes
1421 4133 1460 4196 ab
1480 4133 1563 4195 invi-

272 4254 341 4293 cem
348 4253 358 4305 3
385 4241 477 4292 erunt
498 4231 715 4297 translationes
737 4234 858 4299 inverse
882 4249 918 4300 ut
943 4238 1132 4322 superficies,
1161 4240 1200 4324 (¹¹)
1215 4239 1277 4303 hoc
1298 4251 1354 4316 est,
1381 4237 1503 4302 inverse
1525 4251 1565 4302 ut

272 4338 423 4423 quadrata
448 4336 663 4402 distantiarum
685 4341 921 4424 superficierum
940 4367 959 4407 a
980 4359 1111 4410 centro·
1145 4347 1225 4410 Sunt
1250 4358 1355 4409 autem
1374 4345 1564 4410 differentiae

271 4461 412 4510 motuum
427 4449 622 4535 angularium
634 4451 718 4514 circa
731 4474 823 4516 axem
837 4467 874 4518 ut
887 4453 938 4518 hae
953 4457 1169 4521 manslationes
1192 4457 1355 4542 applicatae
1377 4458 1417 4520 ad
1439 4457 1564 4521 distan-

303 4663 339 4726 (¹¹)
351 4668 365 4696 ⁹
381 4666 434 4712 Hoc
452 4675 492 4720 est,
511 4665 598 4714 inversi
608 4675 636 4715 ut
646 4671 761 4732 quadram
780 4672 898 4718 distantio-
931 4671 1055 4730 sphaerIoae,
1067 4683 1095 4720 ut
1105 4682 1158 4734 pote
1169 4674 1271 4730 similes,¹
1281 4681 1336 4719 aunt
1351 4681 1379 4720 ut
1396 4671 1513 4736 quadrata
1523 4687 1564 4720 ra-

272 4743 326 4775 rum
345 4732 519 4794 mperficiarum
533 4747 549 4776 u
564 4742 649 4781 centro.
685 4733 748 4781 Nam
766 4734 900 4795 superficies
931 4735 1023 4783 diorum
1034 4753 1075 4785 seu
1087 4737 1247 4785 distantiarum
1259 4754 1273 4785 a
1283 4749 1368 4784 neutro.
