3434 5500
183 452 474 532 aurasicum]
505 452 746 520 rnrucrrm
770 453 1139 520 Marnnmarrcr.
1407 463 1471 526 rar
1500 416 1514 477 3

179 621 384 711 quantitatem
404 622 594 706 imprimant,
621 633 652 686 et
673 621 806 686 vicissim
829 627 900 708 (per
914 622 1018 687 motuis
1039 624 1143 712 legem
1163 624 1301 704 tertiam)
1315 624 1466 710 aequalem

177 733 217 798 ab
232 733 343 798 eisdem
357 734 545 800 reactionem
559 735 726 818 patiantur,
741 734 803 798 hoc
814 746 871 811 est,
886 734 1254 820 aequaliterresistantur:
1269 732 1467 798 manifestum

176 853 226 905 est
240 841 332 905 etiam
347 841 433 927 quod
447 842 479 904 in
494 841 633 926 ejusdem
647 841 806 905 densitatis
819 841 924 905 fluidis
945 840 1087 918 elasticis,
1111 840 1167 905 ubi
1184 838 1376 903 velocissimi
1396 861 1465 903 mo·

174 961 297 1028 ventur,
320 949 455 1035 aequales
470 931 531 1013 sint
545 971 653 1014 eorum
673 949 855 1014 resistentiae
876 971 970 1034 quam
984 947 1145 1032 proximd3
1167 947 1232 1010 sive
1244 946 1342 1010 fluida
1355 945 1410 1010 illa
1423 969 1463 1010 ex

173 1057 334 1144 particulis
349 1059 550 1123 crassioribus
565 1069 718 1136 constent,
735 1060 799 1122 sivo
810 1081 852 1123 ex
861 1059 1001 1124 omnium
1010 1057 1215 1122 subtilissimis
1225 1055 1463 1120 constituantur.

173 1166 225 1230 Ex
233 1165 331 1230 medii
341 1167 508 1232 subtilitate
516 1167 690 1232 resistentia
699 1165 905 1252 projectilium
915 1164 1076 1230 celerrimi
1086 1177 1244 1229 motorum
1253 1183 1319 1226 non
1328 1161 1463 1226 multum

171 1253 366 1337 diminuitur.
778 1328 781 1334 .

216 1382 316 1444 Corol.
332 1389 362 1445 6.
408 1377 492 1444 Haec
506 1379 611 1443 omnia
624 1380 669 1444 ita
685 1401 719 1444 se
731 1377 849 1444 habent
863 1379 897 1442 in
909 1378 1027 1456 fluidis,
1048 1397 1182 1464 quorum
1204 1378 1250 1442 ris
1270 1378 1398 1444 elastica
1418 1398 1471 1443 exr

170 1488 393 1574 particularum
417 1487 532 1552 viribus
547 1487 727 1575 centriiugis
741 1489 896 1576 originem
909 1487 1004 1552 ducit.
1050 1485 1148 1562 Quod
1162 1486 1190 1549 si
1203 1486 1249 1550 vis
1263 1486 1318 1550 illa
1331 1485 1460 1552 aliunde

171 1597 300 1673 oriatur,
324 1595 419 1660 veluti
440 1618 481 1660 ex
501 1596 724 1680 particularum
744 1598 937 1681 expansione
950 1593 992 1659 ad
1005 1596 1102 1658 instar
1125 1595 1208 1658 lanae
1228 1596 1279 1659 vel
1300 1617 1460 1659 ramorum

172 1708 333 1785 arborum,
348 1716 402 1768 aut
416 1727 456 1768 ex
471 1705 530 1768 aliia
546 1705 654 1791 quivis
669 1705 771 1784 causis,
794 1705 855 1792 qui
870 1717 973 1770 motus
987 1703 1209 1788 particularum
1229 1705 1311 1768 inter
1331 1727 1365 1768 se
1386 1704 1460 1768 red·

170 1815 286 1880 duntur
307 1809 409 1877 miuus
430 1804 537 1878 liberis
563 1813 746 1892 resistentia,
768 1815 811 1879 ob
825 1816 977 1878 minorem
991 1813 1086 1878 medii
1100 1811 1295 1892 fluiditatem,
1318 1815 1378 1879 erit
1391 1837 1458 1881 ma·

164 1925 216 2010 jor
230 1923 325 2008 quim
339 1921 372 1986 in
388 1921 598 2006 superioribus
614 1919 804 1986 Corollariis.

300 2171 605 2240 .PROPOSITIO
628 2173 794 2239 XXXIV.
840 2167 1112 2239 THEOREMA
1135 2172 1304 2239 XXVIII.

166 2367 201 2432 Si
211 2365 318 2452 globus
331 2377 361 2431 et
374 2369 526 2453 cylindrus
540 2371 704 2454 ceqnalibns
718 2375 875 2438 diametris
889 2376 1041 2457 descripti,
1058 2379 1092 2439 in
1106 2381 1203 2440 medio
1216 2401 1290 2442 roro
1303 2403 1341 2443 er
1349 2383 1454 2462 porti·

207 2476 281 2538 calis
294 2475 460 2558 equalina
474 2485 503 2539 et
517 2477 699 2561 adaequatos
713 2477 752 2542 ab
767 2481 892 2543 invicem
910 2482 1073 2545 distantias
1094 2481 1189 2546 liberi
1210 2487 1362 2567 dispositis
1384 2510 1454 2550 eon·

206 2593 313 2660 stante,
330 2582 485 2647 seeunddrn
494 2587 620 2670 plagam
634 2589 702 2652 onis
713 2591 854 2673 cylindri,
878 2594 990 2674 oeqnali
1003 2614 1066 2656 curn
1080 2596 1236 2658 velocitate
1257 2608 1451 2661 moneantur.-

205 2693 265 2757 erit
278 2693 449 2758 resistentia
461 2695 546 2778 globi
559 2697 650 2779 duplo
665 2698 762 2763 minor
776 2697 865 2785 qudrn
878 2702 1050 2768 resistentia
1065 2706 1206 2789 cylindri.

205 2860 290 2925 Nam
310 2863 457 2948 quoniam
479 2865 560 2929 actio
581 2866 677 2932 medii
698 2868 730 2933 in
752 2892 866 2955 corpus
881 2872 989 2937 eadem
1005 2887 1052 2939 est
1074 2877 1144 2961 (per
1157 2878 1265 2967 legum
1281 2880 1388 2946 Corol.
1405 2884 1450 2964 ὅ.)

162 2970 225 3034 sive
238 2992 361 3083 ¹corpus
383 2973 415 3037 in
437 2976 542 3041 medio
564 2978 739 3079 quiescente
760 2994 932 3060 moveatur,
957 2984 1022 3048 sive
1044 2986 1139 3049 medii
1159 2989 1321 3071 particulo
1339 2990 1451 3057 eidem

161 3100 233 3143 cum
246 3080 409 3147 velocitate
432 3082 470 3169 (ι)
486 3084 660 3173 impingunt
673 3088 706 3151 in
721 3111 834 3174 corpus
849 3092 952 3176 quies·

161 3209 249 3251 cens:
259 3188 490 3258 consideremus
500 3214 613 3279 corpus
622 3206 769 3281 tanquam
779 3197 950 3283 quiescens,

160 3306 192 3357 et
201 3293 367 3389 yideamus
392 3320 455 3384 quo
480 3299 597 3386 impetu
620 3302 783 3390 urgebitur
804 3328 824 3368 a
846 3306 951 3370 medio

159 3414 315 3466 movente.
358 3404 513 3497 Designet
536 3409 632 3495 igitur
658 3411 686 3473 A
706 3410 735 3474 B
751 3412 784 3475 K
799 3412 816 3477 Ι
837 3434 951 3499 corpus
1034 3419 1038 3426 ’

159 3507 348 3591 sphaericum
363 3526 471 3577 centro
488 3514 516 3579 C
531 3516 775 3583 semi-diametro
791 3521 819 3585 C
835 3522 866 3586 A
881 3522 951 3587 des-
1003 3501 1025 3543 ¹
1278 3516 1284 3531 ⁴

158 3614 305 3699 criptum,
321 3618 672 3707 etincidantparticulae
686 3628 780 3691 medii
794 3628 951 3694 danicum
1033 3594 1110 3748 k
1149 3535 1261 3746 w

156 3722 320 3787 velocitate
335 3726 368 3788 in
383 3748 496 3813 corpus
517 3730 596 3795 iilud
618 3733 817 3817 sphaericum,
841 3760 953 3801 secun-
1017 3784 1052 3831 2
1112 3747 1121 3748 ’
1153 3749 1167 3753 ⁴
1248 3780 1273 3830 ο

157 3830 235 3893 dum
257 3844 356 3896 rectas
378 3834 438 3917 ipsi
456 3836 530 3901 AC
551 3839 731 3922 parallelas:
758 3843 858 3929 sitque
875 3846 948 3910 FB

157 3940 309 4023 ejusmodi
325 3956 417 4009 recta.
462 3946 501 4011 In
516 3947 552 4011 eia
568 3951 707 4034 capiatur
733 3952 806 4017 1..ss
828 3955 1074 4021 semi-diametro
1089 3956 1118 4019 C
1134 3957 1163 4021 B
1177 3957 1315 4043 aequalis,
1342 3968 1373 4021 et
1388 3956 1446 4023 du·

157 4060 246 4111 catur
262 4050 290 4115 B
306 4052 340 4115 D
355 4074 426 4139 quae
441 4056 596 4141 sphaeram
612 4072 720 4148 tangat
733 4062 766 4125 in
783 4062 820 4126 B.
866 4065 905 4128 ln
923 4065 955 4129 K
972 4065 1000 4131 C
1015 4077 1048 4129 et
1064 4066 1093 4129 B
1107 4066 1142 4131 D
1157 4066 1361 4131 demittantur
1374 4090 1446 4151 per-

156 4157 375 4240 pendiculares
390 4162 470 4242 BE,
487 4166 571 4243 LD,
588 4178 620 4231 et
634 4168 680 4231 vis
695 4168 756 4254 quir
770 4172 924 4253 particula
937 4172 1042 4250 medii,
1059 4172 1233 4237 secundism
1244 4189 1361 4239 rectam
1377 4175 1405 4238 F
1417 4174 1446 4238 B

157 4263 283 4349 obliqui
307 4265 484 4347 incidendo,
510 4270 639 4357 globum
660 4269 731 4339 ferit
752 4276 785 4339 in
809 4278 847 4355 B,
872 4279 931 4342 erit
944 4279 984 4342 ad
1000 4281 1063 4342 virn
1079 4278 1140 4366 quir
1162 4285 1316 4365 particula
1336 4283 1446 4347 eadem

157 4368 334 4454 cylindrum
350 4372 382 4436 Ο
398 4374 430 4438 Ν
446 4376 479 4441 G
495 4376 528 4452 Q
542 4400 603 4443 axe
616 4380 647 4443 A
665 4380 692 4444 C
709 4381 725 4444 1
740 4382 823 4447 circa
844 4384 974 4471 globum
996 4386 1187 4471 descriptum
1208 4388 1445 4474 perpendicula-

189 4540 225 4603 (ι)
244 4540 406 4607 *Impingrnt
423 4547 449 4594 in
468 4516 550 4609 coprus
571 4554 697 4612 quiescens.
737 4552 785 4601 Ea·
819 4554 970 4602 manifestum
991 4565 1027 4605 eat
1046 4573 1089 4619 per
1108 4560 1187 4608 moins
1207 4562 1252 4622 leg.
1274 4567 1299 4607 3.
1317 4561 1372 4623 quia
1392 4562 1447 4610 flui·
1549 4557 1555 4570 ⁸

160 4598 212 4649 dem
229 4605 292 4651 enirn
304 4608 373 4654 estin
385 4617 484 4671 utroque
500 4627 555 4659 casu
574 4614 683 4663 velocitas
698 4632 787 4677 respec-
819 4620 879 4665 dum
900 4629 925 4666 et
944 4635 1029 4681 corpus
1050 4625 1081 4670 ob
1101 4625 1240 4671 reactimrem
1261 4625 1346 4671 actioni
1367 4641 1447 4690 requa-

159 4667 210 4725 tiva,
237 4668 365 4743 eademque
387 4674 483 4733 proindd
505 4676 539 4721 vis
560 4680 714 4736 percussionis
736 4684 788 4743 (per
819 4682 1059 4745 lemetcontruriam,
1075 4686 1100 4734 in
1111 4698 1209 4749 utroque
1225 4689 1447 4741 easuinsemutud

157 4729 216 4779 dem.
246 4746 272 4779 rn
302 4734 356 4783 Cor.
382 4738 404 4785 5.
435 4738 481 4801 leg.
506 4741 578 4802 mot.)
605 4742 667 4790 idern
695 4759 787 4807 quoque
818 4757 900 4809 agunt

778 4829 832 4877 NS
