3434 5500
182 397 292 465 Larsa
308 398 474 477 Secum]
512 396 755 466 PRINCIPIA
777 398 1150 471 ΜΑΤΗΕΜΑΤΙΟΑ.

345 675 632 743 rnorosrno
655 674 788 743 xant,
833 628 1298 747 THEOREMAXXXIV.
1346 696 1352 715 ·

179 878 292 957 Corpus
314 883 398 935 amara
418 872 573 935 mondum
595 873 629 935 in
651 872 747 935 medio
769 874 891 937 elastico
910 874 1099 957 prqrogabit
1122 883 1229 937 motum
1248 870 1389 957 paruum
1410 898 1466 943 un-

218 987 307 1066 dique
330 984 363 1045 in
385 983 548 1053 directam
576 983 610 1043 in
630 982 727 1044 aredio
749 976 819 1045 rard
839 1002 901 1045 nan
921 983 1044 1045 ehzstica
1063 990 1171 1047 motam
1192 980 1365 1051 circularem
1387 990 1465 1053 arci.

218 1095 306 1157 tabu.
343 1136 346 1142 .
1447 1082 1456 1096 ⁸

219 1267 288 1330 Cas·
306 1272 335 1329 1.
359 1264 442 1328 Nam
456 1274 561 1349 partes
576 1264 717 1349 corporis
732 1265 857 1330 tremuli
866 1264 986 1329 vicibus
996 1264 1123 1330 alternis
1133 1266 1237 1330 eundo
1249 1279 1281 1331 et
1289 1268 1462 1346 redeundo,

176 1372 222 1436 ltu
243 1395 299 1436 suo
321 1372 480 1459 urgebunt
498 1383 530 1436 et
546 1372 725 1457 propellant
744 1384 849 1457 partes
871 1372 967 1437 medii
989 1372 1047 1435 sibi
1068 1373 1238 1457 proximas,
1266 1383 1297 1437 et
1319 1374 1464 1463 urgendo

175 1480 382 1564 compriment
397 1479 522 1543 easdem
537 1491 569 1545 et
583 1478 820 1544 condensabunt
828 1501 838 1558 ς
861 1478 934 1543 dein
949 1480 1051 1544 reditu
1067 1503 1125 1546 suo
1140 1480 1243 1546 sinent
1256 1494 1361 1566 partes
1376 1505 1462 1548 com·

174 1608 295 1671 pressas
309 1585 456 1651 recedere
470 1598 503 1650 et
517 1608 585 1651 sese
600 1586 788 1671 expandere.
834 1585 936 1673 Igitur
949 1598 1053 1671 partes
1068 1587 1165 1651 medii
1179 1587 1307 1673 corpori
1328 1590 1464 1653 tremulo

173 1693 327 1777 proximae
341 1692 432 1756 ibunt
445 1702 478 1755 et
491 1691 638 1755 redibunt
651 1713 710 1776 per
723 1692 816 1768 vices,
833 1692 875 1755 ad
889 1692 987 1755 instar
997 1692 1134 1777 partium
1143 1694 1282 1777 corporis
1297 1694 1380 1759 illius
1395 1706 1459 1760 tre-

173 1800 268 1863 muli:
291 1811 324 1864 et
338 1798 399 1885 qua
415 1798 535 1864 ratione
548 1812 653 1885 partes
669 1800 809 1885 corporis
831 1799 925 1884 hujus
947 1802 1107 1887 agitabant
1128 1802 1221 1865 liasce
1236 1802 1332 1867 medii
1346 1816 1460 1887 partes,
1539 1839 1541 1843 .

173 1905 224 1969 hae
250 1904 402 1969 similibus
424 1904 617 1970 tremoribus
634 1906 759 1993 agitatae
782 1905 946 1993 agitabunt
965 1906 1071 1990 partes
1086 1907 1145 1971 sibi
1163 1908 1334 1992 proximas,
1358 1930 1466 1995 eaeque

173 2012 315 2077 similiter
335 2012 460 2099 agitatae
482 2012 645 2100 agitabunt
666 2012 840 2090 ulteriores,
866 2023 896 2076 et
918 2012 962 2077 sic
984 2012 1131 2098 deinceps
1153 2014 1186 2077 in
1208 2014 1375 2079 infinitum.
1423 2016 1466 2080 Et

173 2119 438 2206 quemadmodum
458 2120 555 2184 medii
568 2132 673 2205 partes
687 2121 799 2205 primae
814 2118 919 2184 eundo
941 2120 1172 2184 condensantur
1187 2130 1219 2184 et
1232 2121 1395 2185 redeundo
1416 2122 1465 2187 re-

132 2225 136 2231 ’
171 2226 328 2305 laxantur,
351 2228 396 2289 sic
418 2239 522 2311 partes
537 2227 667 2314 reliquae
682 2228 802 2313 quoties
818 2239 894 2290 eunt
908 2226 1193 2305 condensabuntur,
1218 2239 1249 2291 et
1272 2228 1392 2314 quoties
1415 2250 1465 2292 re-

172 2335 271 2400 deunt
293 2359 360 2400 sese
381 2336 571 2420 expandent.
617 2335 659 2401 Et
674 2346 840 2420 propterea
853 2357 919 2398 non
934 2357 1042 2398 omnes
1057 2335 1148 2398 ibunt
1162 2345 1194 2397 et
1208 2334 1300 2397 simul
1316 2335 1464 2399 redibunt

173 2442 229 2527 (sic
253 2444 337 2506 enim
359 2443 580 2507 determinatas
595 2442 635 2505 ab
650 2443 782 2507 invicem
797 2442 957 2506 distantias
972 2440 1134 2518 servando,
1158 2460 1223 2503 non
1238 2443 1421 2505 rarefierent
1436 2457 1467 2507 ct

172 2551 439 2613 condensarentur
452 2571 511 2633 per
525 2549 620 2628 vices)
637 2549 692 2612 sed
707 2547 887 2612 accedendo
901 2548 942 2611 ab
956 2548 1090 2611 invicem
1104 2546 1160 2611 ubi
1174 2547 1416 2625 condensantur,
1434 2562 1466 2613 et

172 2658 348 2722 recedendo
363 2659 418 2722 ubi
433 2658 593 2735 rarefiunt,
617 2655 651 2742 (f)
668 2656 780 2743 aliquae
794 2679 903 2721 aarum
917 2658 1009 2721 ibunt
1023 2656 1099 2719 dum
1114 2656 1183 2719 alia
1198 2656 1331 2721 redeunt
1339 2681 1348 2733 3
1372 2656 1466 2743 idque

172 2769 289 2832 vicibus
305 2769 432 2832 alternis
446 2769 480 2831 in
493 2768 659 2832 infinitum.
706 2768 815 2832 Partes
837 2781 942 2832 autem
964 2781 1073 2832 euntes
1088 2779 1120 2833 et
1135 2768 1239 2832 eundo
1254 2769 1463 2846 condensatae,

173 2880 214 2943 ob
235 2891 358 2943 motum
383 2902 474 2943 suum
498 2859 741 2965 progressivum,
770 2900 833 2963 quo
854 2877 970 2966 feriunt
992 2876 1161 2954 obstacula,
1187 2889 1259 2941 sunt
1282 2878 1407 2962 pulsus;
1434 2893 1465 2943 et

171 3001 339 3073 propterea
358 2988 467 3073 pulsus
482 2987 645 3052 successivi
660 3010 679 3050 a
693 3008 826 3071 corpore
841 2987 928 3048 omni
942 2985 1076 3049 tremulo
1091 2987 1124 3048 in
1139 2985 1291 3050 directum
1306 3009 1463 3075 propaga·

170 3096 305 3174 buntur3
339 3097 433 3183 idque
455 3097 627 3184 aequalibus
649 3096 772 3159 circiter
793 3096 833 3158 ab
853 3095 986 3159 invicem
1010 3094 1173 3172 distantiis,
1202 3097 1241 3180 (⁸)
1266 3097 1308 3160 ob
1331 3099 1464 3184 aequalia

172 3206 320 3291 temporis
332 3204 503 3282 intervalla,
520 3205 633 3291 quibus
650 3225 763 3288 corpus
777 3202 966 3266 tremoribus
982 3201 1044 3264 suis
1060 3201 1189 3288 singulis
1199 3201 1338 3288 singulos
1352 3204 1462 3288 pulsus

172 3317 294 3380 excitat
341 3316 384 3379 Et
399 3337 576 3401 quanquam
591 3314 730 3398 corporis
745 3312 870 3376 tremuli
883 3322 988 3397 partes
1011 3324 1082 3375 eant
1097 3325 1128 3376 et
1141 3313 1272 3378 redeant
1290 3315 1462 3408 seeundum

171 3423 297 3510 plagam
318 3421 457 3507 aliquam
472 3433 588 3486 certam
604 3432 635 3485 et
650 3421 897 3498 determinatam,
922 3434 1026 3484 tamen
1040 3420 1148 3505 pulsus
1163 3422 1237 3488 inde
1251 3445 1309 3507 per
1323 3423 1461 3487 medium

366 3611 599 3660 PROPOSITIO.
825 3614 890 3675 poris
906 3620 1063 3674 propagatur.-
1084 3613 1147 3676 quod
1163 3613 1257 3676 quideru
1273 3614 1359 3662 leviora
1374 3616 1460 3663 chartae

830 3675 931 3724 frustula
941 3675 1070 3736 superficiei
1087 3679 1187 3738 corporis
1202 3679 1330 3726 resonantis
1343 3679 1459 3740 imposita,

204 3746 259 3790 309.
277 3742 376 3802 copam
384 3756 465 3788 sonora
473 3743 610 3800 tomogmao
618 3747 639 3787 et
649 3739 731 3787 simlia
743 3757 799 3802 qao·
833 3748 934 3788 tremore
945 3755 989 3787 suo
998 3740 1110 3788 indicant.

170 3822 226 3853 rum
241 3808 314 3852 latera
330 3807 446 3865 homologa
462 3807 574 3851 amionem
589 3805 670 3851 halem
686 3806 802 3852 laromam

170 3885 321 3918 numerorum
333 3874 370 3925 24,
384 3873 422 3923 97,
435 3873 473 3922 30,
482 3873 522 3923 32,
532 3873 571 3923 36,
583 3873 623 3924 40,
635 3871 674 3925 45,
686 3873 725 3922 48,
737 3877 801 3916 aanor

170 3937 250 3990 edant,
274 3935 326 3986 UT,
346 3936 402 3990 RE,
421 3935 472 3988 ΜΙ,
491 3934 546 3988 FA,
558 3932 627 3988 SOL,
639 3933 693 3984 LA,
707 3935 744 3986 al,
761 3942 796 3979 at.
1027 3931 1259 3984 PROPOSlTIO.

172 3997 244 4044 Hauc
253 3996 436 4056 Propositiooem
444 3998 542 4057 probant
550 3995 707 4056 experimenta
713 4011 767 4057 quae
774 3996 800 4042 in

170 4062 296 4120 campanis,
308 4061 418 4122 cylindris
429 4071 451 4107 et
462 4061 608 4119 prismatibus
616 4060 798 4122 homogeneiset
862 4065 916 4107 311.
939 4063 1063 4122 Campana
1072 4065 1157 4128 figura
1173 4065 1221 4112 ictu
1239 4067 1307 4112 clavo
1321 4065 1356 4114 r'td
1371 4067 1459 4114 matari

169 4124 285 4171 similibus
303 4126 435 4173 habuerunt
455 4124 598 4170 Menennus
616 4123 641 4169 in
665 4122 798 4170 Harmonia
831 4127 902 4173 oculis
918 4129 1020 4174 ematur
1031 4135 1058 4174 ut
1069 4144 1124 4176 cum
1140 4131 1240 4176 rotando
1256 4139 1318 4187 earet,
1328 4133 1377 4196 fiat
1393 4123 1458 4178 ovato

172 4188 303 4235 Universali
314 4199 338 4236 et
350 4190 382 4237 D.
398 4187 470 4236 carre
481 4188 506 4233 in
518 4187 629 4235 Menum.
643 4185 718 4234 Acad.
735 4188 796 4252 Reg-
831 4199 853 4236 et
865 4189 968 4251 quandia
979 4193 1076 4238 auditur
1086 4206 1162 4249 sonus,
1174 4195 1269 4241 alternis
1280 4203 1382 4242 cantatur
1393 4195 1457 4242 oscil-

170 4267 212 4299 ιη.
229 4257 297 4302 1709.
831 4255 961 4300 lotionibus.

860 4321 914 4365 312.
928 4320 1000 4366 Corol.
1021 4318 1060 4364 Ex
1072 4318 1145 4366 tn'bus
1156 4320 1245 4368 ultimis
1258 4320 1458 4380 Propositionibus

827 4379 967 4427 concludere
978 4381 1038 4436 licet,
1051 4391 1079 4429 ut
1089 4383 1114 4428 in
1126 4384 1217 4432 chordis
1228 4385 1259 4431 ita
1270 4394 1294 4431 et
1304 4385 1328 4430 in
1343 4383 1394 4431 aliis
1405 4399 1457 4432 cor·

366 4442 598 4504 PssoposlTIO.
829 4445 924 4504 poribus
942 4448 1110 4501 resonantibus,
1130 4456 1197 4496 tonos
1212 4446 1313 4508 pendere
1329 4463 1343 4494 a
1358 4462 1457 4496 numero

475 4545 477 4549 .
829 4507 985 4554 vibrationum
1001 4524 1044 4556 seu
1059 4510 1240 4559 undulationum
1257 4527 1310 4573 quar
1327 4512 1382 4560 dato
1397 4522 1457 4559 tem·

201 4575 256 4619 510.
276 4575 347 4622 Dum
357 4591 439 4636 coqms
449 4573 698 4634 sonmmparcutt'tan
707 4580 796 4619 trema·
828 4587 885 4631 pore
895 4582 1044 4634 peraguntur.

168 4638 206 4684 lut
226 4640 395 4696 panmaamm
417 4647 491 4686 aratus
512 4653 538 4686 ar
558 4640 607 4684 ictu
627 4644 650 4682 et
666 4638 689 4683 υἱ
706 4631 798 4682 canat
863 4634 894 4698 (f)
906 4638 999 4698 Aliquae
1009 4654 1091 4687 aarum
1102 4642 1167 4688 ibunt
1179 4637 1257 4701 (294).

168 4710 269 4757 meatus,
288 4707 378 4752 meotis
393 4705 518 4761 obuamlb,
535 4717 580 4765 per
595 4702 738 4765 superficiem
747 4715 799 4750 aar·
863 4699 898 4764 (⁸)
911 4703 924 4730 ⁹
940 4703 971 4750 06
981 4705 1080 4765 aqualia
1090 4706 1195 4766 temporit
1210 4705 1328 4752 interualla
1340 4702 1419 4768 (800).
