3434 5500
168 431 281 496 errr
299 434 464 511 Saeuum]
510 433 752 499 PRINCIPIA
776 435 1154 500 MATHEMATICA.·
1417 446 1454 501 51

167 596 329 690 gumento',
347 601 381 663 in
398 623 529 666 ascensu
543 605 693 688 corporis,
710 604 872 680 sumendo,
898 604 938 668 ad
953 605 1139 668 contrariam
1153 616 1274 688 partem
1287 605 1395 687 puncti
1415 607 1457 683 A,

167 711 306 796 aequales
321 732 409 773 areas
420 709 453 774 'A
472 710 501 774 B
515 733 548 773 m
562 712 582 788 i,
598 713 653 773 im
663 733 686 773 n
696 712 728 789 k,
744 712 766 774 k
776 733 798 773 n
808 734 828 775 o
838 713 859 788 l,
877 705 1099 776 &c'constabit
1114 710 1198 796 quod
1212 711 1293 775 vites
1307 711 1458 774 absolutae

170 820 205 882 A
222 819 259 895 C,
275 819 286 880 i
303 817 340 895 C,
355 819 380 880 k
396 819 433 895 C,
449 818 461 880 l
478 818 516 898 C,
532 821 589 882 &c
606 833 678 882 sunt
693 819 838 883 continue
853 820 1111 904 proportionales.
1134 891 1137 896 ,
1157 820 1295 906 Ideoque
1318 821 1345 884 si
1359 821 1458 904 spatia

170 925 279 988 omnia
292 926 326 986 in
340 910 470 988 ascensu
485 935 517 986 et
531 924 680 988 descensu
706 926 868 1009 capiantur
892 903 1024 1011 aequalia
1031 950 1041 1002 3
1068 946 1175 988 omnes
1197 926 1281 988 vires
1306 926 1458 989 absolutae
1537 977 1543 990 ,

168 1033 183 1095 l
202 1033 273 1110 C‚k
290 1032 329 1108 C,
344 1032 355 1093 i
371 1030 409 1108 Ο,
426 1033 458 1094 A
474 1030 512 1110 Ο,
529 1031 546 1095 Ι
563 1031 600 1110 C,
619 1031 652 1095 K
668 1031 705 1110 C,
723 1032 752 1095 L
769 1031 806 1110 C,
830 1033 888 1096 &c
913 1044 1005 1096 erunt
1018 1031 1174 1100 ‚continue
1197 1033 1456 1116 proportionales.

173 1138 218 1214 Q.
234 1161 261 1202 e.
277 1139 308 1202 d.
988 1142 992 1148 ’

218 1245 315 1309 Corol.
335 1252 363 1308 1.
398 1244 486 1308 Hinc
501 1245 527 1306 si
538 1244 673 1327 spatium
694 1243 884 1329 descriptum
898 1257 1073 1329 exponatur
1086 1267 1144 1329 per
1158 1266 1263 1308 aream
1277 1246 1458 1332 hyperboli-

171 1381 244 1423 cam
268 1359 300 1422 A
316 1357 346 1422 B
361 1357 394 1420 N
411 1357 461 1434 K;
483 1358 598 1442 exponi
623 1370 754 1442 possunt
776 1357 822 1421 vis
846 1358 1015 1444 gravitatis,
1042 1356 1188 1446 velocitas
1208 1359 1347 1442 corporis
1361 1371 1393 1421 et
1407 1379 1457 1420 re-

174 1473 315 1537 sistentia
335 1471 430 1536 medii
451 1493 508 1555 per
533 1471 630 1535 lineas
656 1471 687 1534 A
704 1471 741 1547 C,
770 1470 801 1533 A
825 1468 854 1533 P
879 1482 911 1534 et
939 1470 971 1532 A
994 1469 1027 1533 K
1051 1467 1238 1553 respective3
1273 1469 1312 1553 (⁸)
1335 1480 1366 1532 et
1389 1468 1457 1547 vice

172 1581 272 1647 versit.

173 1735 181 1742 -
218 1689 316 1772 Corol.
332 1695 363 1750 2.
378 1687 430 1751 Et
444 1686 612 1751 velocitatis
627 1686 781 1762 maximae,
797 1707 892 1770 quam
906 1706 1019 1768 corpus
1028 1685 1062 1747 in
1072 1684 1227 1750 infinitum
1239 1682 1463 1767 descendendo

170 1805 275 1878 potest
290 1813 426 1878 unquam
442 1793 609 1877 acquirere,
627 1792 666 1876 (a)
682 1812 842 1875 exponens
855 1802 905 1854 est
918 1790 1000 1854 linea
1014 1790 1046 1852 A
1061 1790 1099 1855 C.

220 1904 317 1966 Corol.
335 1911 363 1965 3.
388 1900 489 1986 igitur
503 1901 529 1962 si
543 1901 576 1961 in
590 1898 662 1962 dati
677 1899 780 1986 aliqui
794 1898 957 1963 velocitate
971 1908 1177 1983 cognoscatur
1197 1897 1370 1960 resistentia
1390 1921 1456 1961 me-
1487 1930 1489 1950 ·

171 2011 227 2089 dii,
244 2011 417 2075 invenietur
433 2009 578 2074 velocitas
592 2011 740 2087 maxims,
757 2008 911 2098 sumendo
924 2008 1024 2092 ipsam
1039 2006 1079 2070 ad
1094 2007 1287 2071 velocitatem
1301 2006 1386 2070 illam
1400 2007 1455 2071 da·
1485 2089 1489 2096 Ι

171 2118 283 2182 tamin
300 2115 514 2202 subduplicati
536 2116 664 2193 ratione,
688 2137 782 2202 quam
802 2115 897 2180 habet
907 2115 952 2180 vis
967 2114 1124 2200 gravitatis
1149 2114 1185 2198 (⁰)
1201 2114 1240 2178 ad
1254 2113 1350 2178 medii
1364 2115 1456 2178 resis-

171 2226 301 2289 tentiam
315 2225 400 2288 illam
415 2203 579 2312 cognitam.

179 2421 824 2488 Apxlcxlahocestobdatumrectangu-11
864 2423 1245 2490 (ΨΕφωιεηιωὶὶπεαΑσ.
1265 2422 1456 2471 FratenimAP

173 2486 227 2532 lum
243 2486 253 2532 l
270 2487 291 2534 C
309 2492 334 2542 ><
354 2486 364 2532 l
381 2501 404 2541 o,
422 2495 450 2533 ut
469 2488 492 2533 A
508 2503 532 2547 p.
562 2489 639 2550 Ergo,
663 2489 801 2536 co'e'untibus
830 2507 866 2534 =
880 2490 903 2535 A
918 2489 945 2542 C,
963 2499 988 2534 et
1003 2486 1058 2549 quia
1075 2485 1235 2550 (peroratam)
1255 2488 1277 2533 A
1292 2487 1379 2534 P²=
1393 2487 1415 2532 A
1429 2487 1455 2532 K

173 2549 269 2610 punctis
286 2549 311 2606 k,
327 2550 343 2606 l,
361 2565 414 2598 area
426 2549 797 2611 hyperbolicaknol=klx
833 2559 859 2609 χ
874 2553 898 2598 A
911 2552 939 2606 c,
952 2549 1074 2598 eritetiam
1088 2551 1110 2597 A
1125 2548 1456 2611 K=AC,id06quecoiu-

172 2615 217 2670 lo,
236 2623 271 2660 est
288 2622 315 2660 ut
331 2616 354 2660 A
365 2629 388 2673 p.
425 2614 579 2673 Componitur
595 2614 668 2678 igitur
685 2631 738 2664 area
752 2624 801 2665 tota
831 2615 923 2662 ridente
941 2613 1045 2662 ordinati
1065 2613 1091 2660 Κ
1108 2613 1141 2671 Ν,
1159 2628 1215 2660 cum
1232 2623 1361 2674 asymptoto
1380 2614 1400 2659 C
1418 2613 1454 2670 H,

173 2676 323 2737 hyperbolica
335 2683 349 2723 2
360 2678 415 2725 AB
427 2692 442 2724 o
452 2678 462 2725 l
472 2693 501 2724 ex
511 2677 629 2737 particulis
639 2679 656 2724 k
666 2694 683 2725 n
693 2679 727 2726 ol
738 2679 800 2726 velo-
832 2695 886 2726 area
901 2677 1048 2740 hyperbolica
1064 2676 1123 2725 AB
1137 2677 1162 2725 N
1173 2677 1207 2732 K,
1224 2676 1316 2724 infinita
1326 2676 1414 2730 evadet,
1431 2687 1456 2724 et

175 2741 240 2789 citati
253 2742 277 2789 A
288 2757 303 2801 p
314 2756 404 2801 semper
415 2741 630 2803 proportionalibus,
647 2752 671 2791 et
681 2741 800 2805 propterei
832 2741 1110 2803 spatiumdesoendendo
1129 2741 1269 2803 descriptum
1287 2741 1343 2789 huic
1360 2756 1456 2801 propor-

174 2806 251 2863 spatio
272 2804 391 2853 velocitate
414 2804 458 2852 isti
483 2805 599 2866 descripto
624 2808 800 2867 proportionalis
833 2807 918 2854 tionale
928 2806 972 2870 erit
981 2822 1074 2868 quoque
1083 2805 1210 2862 inlinitum,
1227 2806 1326 2867 gravitas
1342 2803 1402 2859 vero,
1420 2821 1455 2851 re·
1516 2865 1519 2870 y

174 2878 218 2915 est.
256 2868 382 2916 Dividetur
394 2870 444 2931 jam
459 2884 512 2917 arca
524 2869 565 2915 illa
580 2870 605 2915 in
615 2880 690 2930 partes
702 2870 802 2931 aquales
833 2870 937 2917 sistentia
946 2880 970 2917 et
979 2870 1086 2917 velocitas
1096 2870 1198 2930 corporis
1213 2881 1358 2929 exponentur
1373 2884 1414 2928 per
1427 2869 1455 2914 li-

178 2934 202 2978 A
213 2933 236 2979 B
245 2948 268 2977 m
277 2934 300 2989 i;
312 2934 355 2979 im
366 2948 382 2979 n
393 2932 417 2989 k,
429 2932 445 2978 k
456 2948 473 2979 n
483 2932 521 2991 ol,
532 2934 574 2979 &c
588 2942 612 2981 et
622 2934 681 2980 vires
690 2934 802 2981 absolutor
832 2949 903 2981 neam
914 2939 939 2994 A
952 2934 980 2991 C,
1000 2934 1089 2995 eritque
1104 2933 1200 2991 proinde
1213 2934 1340 2987 resistentia
1350 2933 1456 3006 gravitati

177 2998 202 3041 A
217 2996 245 3052 C,
256 2996 264 3041 i
278 2997 305 3050 C,
317 2996 334 3042 k
347 2997 375 3053 C,
391 2996 441 3056 lc,
452 2998 493 3043 &c
515 3005 584 3044 erunt
601 2998 626 3043 in
644 2998 802 3060 progressione
833 2997 935 3059 aequalis,
946 3006 970 3043 et
979 2996 1099 3057 proptereat
1109 2996 1217 3043 velocitas
1228 3002 1252 3043 A
1265 2998 1404 3044 Cmaxrma.

174 3059 325 3122 geometrici.
361 3061 392 3115 Q.
406 3076 427 3106 e.
440 3060 463 3106 d.
865 3061 900 3124 (⁰)
919 3062 985 3108 *Ad
1001 3064 1070 3109 medii
1085 3063 1235 3109 rainerium
1252 3063 1315 3107 illam
1333 3063 1453 3119 cognitam·

210 3122 245 3185 (²)
259 3128 271 3153 ⁸
284 3127 316 3171 Et
328 3126 376 3172 vice
385 3122 456 3171 versi
473 3122 549 3169 Simili
559 3123 629 3170 modo
639 3122 658 3169 ai
669 3124 694 3170 in
705 3139 800 3171 ascensu
834 3124 898 3172 cum
916 3124 979 3171 enim
995 3124 1125 3171 velocitates
1140 3125 1187 3170 sint
1202 3123 1227 3169 in
1243 3122 1402 3182 subduplican
1417 3138 1454 3167 ra·

176 3187 287 3245 corporis,
307 3187 406 3247 spatium
422 3201 496 3247 usque
506 3186 536 3232 ad
546 3186 625 3233 motus
634 3187 800 3235 extinctionem
831 3188 895 3235 tione
904 3186 1084 3235 resistentiamm
1096 3190 1149 3250 (per
1161 3188 1240 3248 Hyp.)
1252 3195 1276 3233 et
1285 3186 1413 3233 resistentia
1423 3186 1453 3232 sit

1 3242 2 3305 f
79 3308 83 3313 Ι
174 3249 351 3297 describendum
360 3260 536 3311 exponaturper
544 3246 619 3297 aream
628 3248 798 3311 hyperbolicam
828 3251 935 3314 gravitati
946 3252 1047 3312 aqualis,
1059 3252 1100 3300 ubi
1110 3251 1218 3297 velocitas
1228 3250 1331 3296 maxima
1340 3259 1381 3302 est,
1401 3251 1453 3311 (per

177 3316 200 3361 A
214 3316 236 3361 B
248 3330 265 3359 n
276 3314 292 3359 k
308 3314 392 3373 exponi
400 3322 496 3373 possunt
505 3312 540 3359 vis
550 3314 673 3375 gravitatis,
681 3312 798 3362 ‘velocitas
831 3315 885 3363 Cor.
891 3314 932 3378 12.)
943 3314 1050 3362 velocitas
1060 3315 1162 3361 maxima
1171 3315 1215 3360 erit
1222 3313 1252 3360 ad
1260 3312 1403 3360 velocitatem
1411 3312 1452 3357 da-

175 3378 279 3437 cor-poris
291 3386 314 3425 et
324 3375 451 3426 resistentia
457 3375 529 3425 modii
539 3392 580 3439 per
588 3376 660 3425 lineas
670 3379 693 3426 A
702 3378 730 3434 C,
745 3379 799 3441 Ap,
832 3389 881 3425 tarn
896 3379 922 3424 in
939 3378 1100 3438 subduplicatt
1111 3378 1199 3424 ratione
1209 3376 1326 3440 gravitatis
1336 3375 1367 3423 ad
1382 3375 1454 3421 modii

179 3445 202 3489 A
213 3441 238 3489 k.
383 3466 388 3479 ι
832 3440 1192 3505 resistentiamillamcognitam.

791 3660 846 3710 ΒΞ
