3434 5500
261 451 304 508 96
583 439 923 506 PHILOSOPHIAE
946 439 1217 507 NATURALIS
1268 443 1541 529 [Moncmaron.

508 737 790 803 PROPOSITIO
813 738 895 802 XII.
940 737 1210 804 THEOREMA
1232 741 1296 805 IX.

258 914 367 978 lisdem
376 913 496 993 positis,
511 913 579 974 ἀίω
593 908 673 995 'quiid
684 913 712 975 si
726 914 828 994 spatio
842 913 991 993 menapia
1005 921 1160 980 sumantur
1174 914 1207 974 in
1216 915 1426 996 progressione
1440 916 1491 978 nri
1502 916 1538 978 lr-

302 1021 416 1098 netieci,
441 1024 608 1086 venenatas
629 1020 704 1086 dato
726 1019 855 1105 pedam
878 1023 1047 1105 quontitate
1060 1031 1155 1084 aneto
1172 1031 1260 1083 nont
1281 1024 1314 1084 in
1330 1026 1538 1105 progressione

299 1128 491 1216 geometrici.

303 1299 342 1364 In
365 1310 540 1384 asymptoto
564 1299 641 1363 cl)
663 1298 755 1364 datm
774 1311 927 1384 punctum
950 1300 990 1376 R,
1015 1311 1047 1365 et
1067 1309 1170 1364 erecto
1194 1291 1417 1383 perpendiculo
1441 1301 1471 1364 R
1494 1303 1537 1378 s;
1565 1334 1573 1364 ι

259 1407 344 1493 quod
358 1418 502 1471 occurrat
513 1405 694 1491 hyperbolae
707 1405 741 1468 in
757 1407 791 1483 S,
814 1418 991 1490 exponatur
1004 1407 1195 1490 descriptum
1210 1406 1343 1489 spatium
1357 1429 1413 1490 per
1435 1385 1537 1471 aream
1563 1401 1571 1457 i

258 1514 492 1600 hyperbolicam
515 1513 546 1576 R
563 1514 586 1576 S
601 1513 631 1576 Ε
645 1512 699 1586 D;
725 1523 757 1576 et
777 1511 923 1578 velocitas
947 1513 1006 1578 erit
1027 1524 1062 1575 ut
1082 1513 1245 1598 longitudo
1261 1511 1300 1579 ,G
1314 1512 1359 1589 D,
1382 1536 1452 1598 quae
1467 1537 1537 1580 cum

260 1618 333 1684 dati
356 1618 433 1683 CG
454 1617 612 1701 componit
632 1616 859 1704 longitudinem
882 1617 958 1714 OD
980 1618 1013 1680 in
1037 1618 1254 1704 progressione
1273 1619 1460 1705 geometrici
1483 1619 1536 1684 de-

258 1736 458 1802 crescentem,
474 1725 593 1788 interea
606 1718 682 1787 dum
697 1725 830 1808 spatium
847 1725 878 1788 R
895 1725 963 1789 SE
980 1725 1012 1789 D
1027 1737 1157 1811 augetur
1168 1725 1202 1788 in
1216 1723 1417 1790 arithmetici.

302 1835 342 1919 (¹¹)
366 1835 493 1899 Etenim
513 1835 555 1898 ob
573 1834 682 1898 datum
701 1833 793 1917 spatii

260 1943 485 2006 incrementum
500 1941 530 2004 E
544 1940 577 2003 D
591 1940 615 2003 d
629 1961 657 2016 e,
679 1939 794 2003 lineola

259 2049 294 2112 D
310 2050 341 2126 d,
358 2072 429 2134 quae
443 2048 674 2111 decrementum
688 2058 735 2109 est
748 2047 796 2129 ip·

259 2155 323 2218 sius
332 2155 420 2232 GD,
429 2154 489 2218 erit
499 2152 656 2238 reciproci
667 2164 702 2216 ut
713 2152 792 2229 RD,

259 2260 394 2346 idaeique
419 2259 534 2325 directe
552 2271 597 2336 ¹ut
618 2261 708 2338 OD,
732 2259 794 2334 hoe

260 2379 316 2446 est,
341 2383 376 2433 ut
399 2391 519 2433 summa
541 2367 680 2452 ejusdem
707 2366 740 2430 G
761 2365 795 2428 D

261 2490 293 2540 et
307 2477 511 2564 longitudinis
526 2474 607 2540 datae
623 2475 652 2539 C
668 2475 709 2539 G.
734 2473 798 2539 Sed

260 2585 435 2648 velocitatis
456 2579 699 2657 decrementum,
721 2593 800 2643 tem-
899 2563 917 2584 ⁷

259 2713 336 2775 pore
358 2692 416 2755 sibi
442 2690 600 2775 reciproce
620 2689 796 2773 proportio·
864 2671 885 2725 ⁰
1004 2678 1030 2732 G
1072 2685 1107 2740 Α

258 2787 333 2877 nali,
354 2822 418 2885 quo
439 2800 513 2875 data
529 2798 620 2882 spatii
640 2798 799 2881 particulav

259 2906 294 2969 D
309 2905 331 2970 d
347 2930 364 2971 e
380 2908 409 2971 E
423 2906 616 2982 describitur,
634 2906 667 2989 (¹)
682 2918 730 2969 cst
745 2916 780 2968 ut
794 2903 965 2969 resistentia
980 2916 1011 2970 et
1025 2914 1146 2989 tempus
1161 2906 1359 2991 conjunctim,
1382 2906 1476 2969 idest
1490 2904 1537 2967 di-

258 3012 342 3076 recti
356 3025 391 3075 ut
406 3035 526 3075 summa
539 3012 672 3075 duarum
686 3011 900 3096 quantitatum,
927 3032 1059 3097 quarum
1072 3032 1136 3074 una
1149 3023 1196 3076 est
1209 3024 1245 3075 ut
1258 3007 1413 3087 velocitas,
1440 3011 1537 3074 altera

190 3198 197 3225 ι
258 3129 294 3181 ut
307 3112 475 3181 velocitatis
488 3112 681 3203 quadratmn,
698 3128 730 3179 et
744 3113 864 3178 inversi
878 3126 914 3177 ut
927 3115 1091 3191 velocitas3
1106 3116 1239 3201 idaeique
1250 3114 1365 3181 directe
1374 3128 1409 3179 ut
1416 3136 1537 3179 summa

258 3224 391 3287 duarum
411 3222 626 3308 quantitatum,
649 3242 778 3307 quarum
793 3234 858 3283 una
872 3218 973 3297 datin,
996 3220 1093 3283 altera
1107 3232 1201 3286 estut
1216 3221 1370 3285 velocitas.
1415 3221 1534 3284 Decre-

258 3343 398 3395 mentum
411 3330 506 3417 igitur
519 3342 583 3394 tam
596 3329 766 3393 velocitatis
780 3350 875 3413 quam
889 3327 981 3391 lincae
1005 3328 1037 3393 G
1051 3329 1096 3407 D,
1121 3341 1168 3393 est
1188 3341 1224 3393 ut
1245 3332 1397 3415 quantitas
1412 3331 1484 3393 data
1505 3340 1537 3393 et

143 3511 145 3520 Ι
258 3437 412 3523 quantitas
427 3438 608 3501 decrescens
623 3435 822 3521 conjunctim,
845 3446 878 3499 et
891 3446 1020 3519 propter
1034 3436 1164 3523 analoga
1179 3436 1384 3515 decrementa,
1407 3437 1445 3523 (¹¹)
1462 3460 1536 3500 ana·

256 3546 338 3633 logae
353 3568 475 3629 semper
488 3557 580 3609 erunt
601 3544 789 3630 quantitates
810 3543 1043 3624 decrescentes,
1068 3544 1213 3608 nimirum
1235 3546 1380 3609 velocitas
1395 3558 1434 3626 „et
1454 3546 1536 3610 linea

259 3654 529 3730 GD„Qeu

241 3780 244 3786 ·
268 3780 271 3783 ’
302 3762 400 3825 Corol.
418 3770 447 3825 1.
479 3762 513 3826 Si
526 3761 671 3825 velocitas
686 3770 859 3844 exponatur
880 3780 937 3843 per
959 3756 1183 3843 longitudinem
1207 3758 1241 3823 G
1255 3759 1299 3836 D,
1327 3760 1459 3844 spatimn
1479 3760 1534 3823 de·

258 3866 406 3948 scriptum
420 3866 478 3931 erit
491 3878 527 3929 ut
541 3888 613 3929 area
626 3864 826 3950 hyperbolica
841 3861 921 3927 DE
938 3863 961 3926 S
978 3862 1018 3924 R.
1093 3896 1094 3899 ι

304 3974 402 4037 Corui.
416 3982 448 4037 2.
472 3973 515 4037 Et
531 3975 556 4036 si
570 3985 728 4058 utcunque
741 3964 915 4036 assumatur
928 3982 1079 4056 punctum
1095 3972 1136 4047 R,
1152 3971 1325 4035 invenietur
1339 3983 1489 4057 punctum
1500 3974 1533 4037 G
1587 4014 1590 4021 ,

257 4078 408 4162 capiendo
421 4079 456 4143 G
472 4080 502 4142 R
516 4078 557 4141 ad
573 4078 605 4142 G
619 4078 663 4156 D,
680 4090 715 4141 ut
729 4089 776 4141 est
788 4076 934 4141 velocitas
950 4076 1008 4139 sub
1023 4075 1110 4139 initio
1125 4075 1166 4138 ad
1175 4070 1368 4141 velocitatem
1378 4089 1449 4161 post
1462 4099 1532 4163 spa·
1580 4164 1582 4169 Ι

289 4266 326 4331 (¹²)
344 4270 358 4298 *
375 4266 470 4315 Etenim
485 4270 510 4315 eb
525 4271 607 4316 ἀαιιιιιι
622 4268 689 4327 spatii
703 4268 879 4323 interimentum,
912 4261 1017 4326 adeoque
1032 4260 1086 4310 data
1101 4262 1168 4323 spatii
1177 4263 1318 4311 incremento
1333 4273 1361 4312 ut
1376 4264 1481 4311 velocitas
1496 4262 1534 4310 in-

256 4346 298 4392 per
307 4331 452 4393 hypothesim
463 4330 509 4391 quai
520 4331 594 4389 spatia
601 4328 799 4391 supponunturin
809 4329 880 4375 arith-
913 4326 983 4373 verse.
1020 4326 1159 4381 Quaredato
1170 4328 1236 4387 spatii
1246 4329 1395 4384 incremento,
1407 4327 1533 4375 velocitatis

257 4393 342 4443 metici
352 4394 509 4456 progressione
518 4408 626 4440 crescere.
912 4390 1085 4437 decrementum
1096 4400 1130 4436 est
1140 4400 1168 4436 ut
1178 4392 1304 4439 resistentia
1319 4390 1405 4437 directe
1415 4400 1438 4437 et
1448 4390 1533 4437 veloci-

289 4459 320 4521 (Ι)
333 4463 347 4490 ⁹
360 4461 404 4507 Est
419 4467 447 4505 nt
462 4459 586 4504 resistentia
598 4466 619 4503 et
629 4466 717 4517 tempas
728 4456 877 4517 coqfienetim.
912 4461 947 4499 tas
965 4451 1060 4510 inverse,
1080 4452 1161 4510 idest,
1181 4452 1265 4501 dimetri
1281 4462 1309 4501 ut
1326 4469 1418 4501 summa
1432 4454 1533 4501 duarum

258 4520 393 4569 Velocitatis
413 4521 586 4567 decrementum
607 4530 642 4566 est
662 4528 690 4565 ut
708 4518 836 4565 mentia
856 4524 880 4563 et
910 4516 1073 4578 quantitatum,
1085 4518 1127 4563 &c
1175 4522 1178 4531 “

256 4592 350 4644 tempus
359 4584 502 4648 conjunctim
513 4583 575 4646 (15),
592 4590 684 4642 tempus
693 4579 794 4642 vertisse
804 4588 833 4626 ut
842 4578 880 4624 in·
943 4578 979 4643 (ἱ)
993 4583 1006 4609 *
1019 4582 1129 4641 Analogia
1139 4590 1309 4644 temperarunt,
1325 4581 1368 4629 &a
1402 4580 1462 4644 (Per
1475 4580 1529 4629 Cor·

257 4658 401 4695 crementum
416 4649 484 4708 spatii
501 4646 587 4694 directe
607 4655 631 4692 et
652 4644 759 4693 velocitas
779 4641 878 4699 inverse,
911 4640 980 4689 Lem.
994 4642 1043 4691 IV·
1057 4642 1109 4691 Lib.
1124 4642 1168 4705 L).
