3434 5500
169 409 281 476 narn
298 385 481 487 snorum.
499 405 743 486 cursorem
766 409 1143 478 Marunuanca·
1397 423 1458 484 aa

170 579 283 658 diatur,
300 591 332 645 et
346 580 465 645 interea
479 580 546 646 axis
562 582 627 666 ejus
638 604 710 648 cum
725 605 784 648 axe
799 606 892 648 cana·

169 688 209 752 lis
224 687 397 753 coincidat:
421 689 597 754 resistentia
611 692 677 775 ejus
691 692 751 756 erit
765 690 806 754 ad
827 691 891 754 vim

169 797 231 882 qud
247 809 330 860 totus
346 799 413 883 ejus
429 809 543 876 motus,
568 821 630 884 quo
652 811 792 883 tempore
814 823 891 886 qna·

168 903 318 988 druplum
339 905 544 994 longitudinis
570 929 636 970 suae
659 907 816 986 describit,
841 909 892 973 vel

104 1053 113 1073 .
168 1013 312 1100 generari
336 1014 435 1097 possit
456 1013 505 1076 vel
526 1014 604 1092 tolli,
630 1015 664 1078 in
685 1017 805 1081 ratione
820 1040 891 1104 quae

169 1121 368 1205 componitur
390 1142 431 1184 ex
452 1119 573 1206 ratione
589 1122 618 1185 E
635 1122 698 1209 Fq
719 1123 760 1186 sd
783 1123 813 1188 Ε
829 1125 892 1212 Fq

169 1233 246 1310 -ᾖ
264 1230 292 1293 Ρ
308 1229 341 1306 Q
356 1253 377 1315 q
399 1229 505 1308 semel,
533 1242 565 1294 et
586 1232 705 1296 ratione
721 1233 758 1297 'E
775 1234 801 1297 F
816 1258 837 1320 q
852 1235 893 1298 ad
949 1215 1016 1233 ””””

125 1353 129 1366 ’
170 1337 199 1400 Ε
216 1337 335 1423 Fq-
349 1337 378 1402 P
394 1339 427 1414 Q
442 1361 463 1423 q
477 1334 535 1416 bis,
552 1352 583 1404 et
598 1341 718 1405 ratione
733 1341 893 1408 densitatis

169 1444 265 1508 medii
281 1444 321 1508 ad
336 1444 524 1510 densitatem
539 1449 682 1534 cylindri.

213 1555 313 1618 Corol.
330 1563 359 1618 3.
395 1555 510 1620 Iisdem
534 1559 653 1642 positis,
677 1570 708 1623 et
723 1562 808 1646 quod
822 1562 893 1624 lon·

166 1655 279 1748 'gitudo
295 1663 325 1726 L
340 1663 380 1727 sit
394 1666 434 1729 ad
456 1666 665 1751 quadruplum
689 1668 891 1754 longitudinis

167 1769 299 1856 cylindri
314 1771 347 1834 in
361 1771 482 1836 ratione
496 1794 568 1857 quae
582 1775 780 1856 componitur
790 1795 830 1836 ex
840 1796 876 1836 ra

135 1879 886 1972 ,tioneEFq—iPQqadEFqsemel,

167 2000 199 2052 et
218 1989 339 2052 ratione
354 1989 383 2052 E
399 1990 427 2053 F
441 2013 462 2075 q
476 1991 520 2040 -’-
536 1991 564 2054 Ρ
579 1991 612 2068 Q
627 2015 648 2077 q
662 1993 702 2056 ad
719 1993 748 2056 E
765 1993 791 2056 F
806 2015 826 2079 q
841 1994 908 2058 bis:
932 1996 980 2079 (¹¹¹)
996 1995 1171 2060 resistentia
1192 1997 1326 2082 cylindri
1341 2002 1400 2064 erit
1414 2001 1455 2064 ad

167 2096 230 2160 vim
252 2095 313 2182 quii
335 2108 419 2164 totus
442 2099 508 2182 ejus
529 2112 643 2178 motus,
670 2101 804 2165 interero
826 2101 903 2165 dum
928 2102 1157 2189 longitudinem
1178 2104 1212 2190 L⁴
1225 2104 1381 2184 describit,
1405 2110 1453 2174 vel

165 2203 233 2269 tolli
247 2205 346 2288 possit
359 2203 409 2270 vel
423 2207 575 2292 generari,
591 2218 627 2272 ut
640 2206 775 2308 densitas
790 2207 887 2274 medii
901 2207 943 2276 ed
957 2199 1146 2276 densitatcm'
1156 2209 1302 2298 cylindri.

732 2513 890 2578 Sciob‘um.

208 2703 248 2769 In
272 2702 333 2769 hic
364 2701 583 2790 Propositione
606 2703 815 2771 resistentiam
840 2701 1092 2795 investigavimus
1121 2726 1193 2793 quae
1220 2707 1362 2770 oritura
1387 2701 1453 2767 sold

162 2812 378 2900 magnitudine
392 2799 579 2877 transversae
594 2814 893 2901 sectionis-cylindri,
909 2814 1051 2901 neglecti
1066 2814 1250 2879 resistentiae
1270 2825 1361 2898 parte
1382 2822 1453 2897 quoe

162 2922 202 2985 ab
216 2922 399 3009 obliquitate
420 2937 562 2989 motuum
577 2925 653 2987 oriri
665 2926 773 3008 possit.
817 2926 902 2989 Nam
924 2924 1188 3011 quemadmodum
1202 2924 1235 2986 in
1252 2923 1336 2987 Casu
1350 2922 1453 3005 primo

162 3028 391 3112 Propositionis
407 3030 575 3094 XXXVI.
591 3030 757 3116 obliquitas
779 3044 932 3108 motuum,
956 3032 1068 3116 quibus
1082 3043 1187 3115 partes
1201 3052 1292 3116 aquae
1313 3029 1347 3093 in
1368 3012 1451 3104 vase,

160 3137 301 3222 undique
316 3138 546 3224 convergebant
559 3138 592 3199 in
606 3138 746 3202 foramen
762 3139 791 3202 E
808 3137 844 3215 F,
860 3138 1021 3222 impedivit
1035 3136 1185 3200 effluxum
1199 3158 1289 3222 aquae
1303 3136 1386 3199 illius
1395 3157 1453 3218 per

160 3244 318 3311 foramen:
338 3247 383 3311 sic
397 3248 430 3311 in
444 3246 505 3311 hic
521 3247 748 3331 Propositione,
764 3247 931 3333 obliquitas
945 3259 1097 3322 motuum,
1114 3246 1227 3331 quibus
1241 3256 1346 3329 partes
1362 3263 1452 3329 aquae

160 3354 200 3417 ab
223 3354 381 3418 anteriore
402 3354 536 3441 cylindri
557 3358 691 3419 termino
711 3377 837 3440 pressae,
869 3355 985 3419 cedunt
1012 3353 1165 3438 pressioni
1193 3353 1234 3437 (¹)
1258 3363 1290 3416 et
1312 3351 1452 3437 undique
1523 3380 1531 3389 ·

160 3460 338 3548 divergunt,
361 3462 499 3526 retardat
521 3484 629 3525 eorum
655 3463 818 3526 transitum
838 3484 897 3547 per
917 3461 988 3525 loca
1008 3461 1042 3523 in
1063 3459 1196 3525 circuitu
1218 3458 1344 3523 termini
1368 3456 1451 3521 illius

160 3564 370 3631 antecedentis
392 3580 500 3631 versus
520 3568 708 3651 posteriores
729 3580 833 3653 partes
855 3568 999 3654 cylindri,
1025 3568 1178 3654 efficitque
1200 3579 1235 3632 ut
1255 3566 1387 3630 fluidum
1409 3563 1451 3628 ad

159 3677 310 3761 majorem
331 3676 509 3741 distantiam
534 3690 767 3743 commoveatur
788 3688 820 3742 et
840 3676 1049 3742 resistentiam
1069 3688 1173 3764 auget,
1201 3674 1239 3760 (⁰)
1254 3675 1349 3761 idque
1363 3675 1397 3736 in
1410 3671 1449 3737 ed

192 3866 234 3931 (m)
247 3870 261 3898 *
275 3868 412 3917 neuma
427 3869 529 3992 qnare
538 3868 688 3915 mearant
725 3866 789 3913 nam
820 3862 888 3913 vasa
898 3866 1143 3926 mammam
1160 3862 1449 3929 unsmetongnana

161 3931 214 3993 (per
228 3931 283 3978 Cor.
297 3936 320 3977 2.
333 3940 357 3978 et
369 3931 435 3993 Hyp.
461 3930 589 3978 resistentia
603 3928 703 3992 cylindri
714 3938 751 3976 est
759 3929 790 3977 sd
822 3930 845 3977 L
856 3929 888 3977 sd
897 3929 1056 3993 quadruplum
1067 3928 1222 3992 longitudinis
1232 3929 1338 3991 cylindri.
1368 3930 1448 3985 Quare

159 3993 207 4041 vim
217 4010 265 4057 qua
275 4003 340 4041 totus
350 3995 401 4057 ejus
411 4004 496 4052 motus,
512 4009 559 4057 quo
570 4004 674 4055 tempore
684 3993 787 4055 quadru-
821 3997 863 4057 (ex
880 3994 959 4057 aquo)
977 3992 1106 4040 resisteritia
1123 3992 1223 4055 cylindri
1241 4004 1278 4040 est
1292 3993 1323 4040 sd
1338 3995 1387 4041 viru
1401 3992 1449 4056 qud

159 4056 227 4118 plum
238 4057 391 4121 longitudinis
405 4074 455 4105 sua
470 4058 618 4105 uniformiter
633 4057 742 4105 describit
751 4057 789 4103 vei
820 4068 885 4105 totus
902 4060 954 4120 ejus
967 4066 1053 4114 motare,
1073 4056 1220 4105 intermdum
1235 4055 1409 4119 longitudinem
1424 4057 1448 4104 L

159 4122 266 4184 generari
277 4123 349 4182 possit
360 4122 397 4169 rel
407 4122 465 4179 tolli,
482 4123 506 4169 in
517 4121 605 4170 ratione
616 4118 744 4181 amposta
759 4136 788 4168 er
820 4121 968 4169 uniformiter
978 4122 1086 4169 describit
1097 4120 1148 4168 tolli
1161 4122 1234 4181 possit
1243 4121 1281 4169 vel
1291 4121 1403 4185 generari,
1419 4129 1449 4169 ut

159 4186 250 4233 ratione
260 4185 397 4248 quadrupla
407 4186 560 4249 longitudinis
575 4184 673 4247 cylindri
689 4184 719 4231 ad
735 4186 787 4231 lou·
819 4185 920 4233 densitas
930 4185 1001 4233 medii
1011 4185 1042 4233 ad
1052 4184 1190 4233 decanam
1200 4185 1306 4249 cylindri.
1328 4206 1332 4212 ·

159 4250 292 4312 gitudinem
305 4250 327 4297 L
338 4260 362 4299 et
372 4250 461 4297 ratione
471 4249 590 4297 densitatis
600 4248 672 4296 medii
682 4248 713 4296 ad
729 4248 786 4295 den·
865 4289 877 4311 a
1055 4289 1060 4299 .
1143 4289 1148 4299 .
1320 4285 1326 4297 .

160 4314 253 4371 sitatem
264 4313 371 4375 cylindri,
388 4323 411 4361 et
423 4314 492 4377 (279)
505 4314 540 4361 vis
551 4313 597 4376 qud
608 4322 671 4360 totus
687 4312 787 4374 cylindri
852 4290 862 4350 (
879 4287 889 4349 l
909 4291 923 4319 ⁰
946 4290 980 4335 Β
1002 4290 1104 4361 ΜΨ
1124 4288 1252 4361 ΜΝ·
1295 4285 1352 4335 vul·
1373 4286 1444 4347 Pml'·

159 4387 245 4431 motus,
258 4377 403 4425 intereadum
414 4376 570 4440 quadruplam
577 4375 731 4439 longitudinis
738 4392 788 4424 sure
811 4352 893 4445 'XLI‘
907 4360 932 4399 ‘t
941 4350 1030 4399 XLII·
1044 4351 1098 4398 hb·
1111 4351 1190 4413 hulm·

160 4441 275 4498 describit,
318 4442 393 4488 ncrari
403 4441 440 4488 vel
451 4441 501 4489 tolli
511 4442 589 4503 possit,
600 4453 635 4488 est
645 4440 675 4487 ad
686 4441 732 4486 vim
741 4438 788 4502 qud
854 4437 892 4548 ς’)
906 4440 919 4467 ”
932 4440 1007 4498 quue
1018 4438 1044 4484 in
1054 4433 1140 4499 adseri
1151 4440 1246 4485 ratone-
1282 4434 1375 4483 Eodem
1382 4435 1447 4483 eninr

160 4505 224 4553 idem
234 4507 273 4568 eju
302 4520 340 4552 em
350 4505 449 4566 cylindri
458 4516 538 4553 motus
553 4519 600 4567 quo
616 4515 720 4564 tempore
735 4504 787 4551 lon·
819 4503 854 4548 ier
879 4500 951 4547 modo
964 4508 1044 4546 motus
1058 4500 1147 4562 obliqui
1162 4502 1189 4546 in
1204 4515 1271 4561 aquic
1288 4500 1391 4559 partibus
1406 4514 1448 4546 er·

160 4569 293 4631 gitudinem
304 4568 327 4617 1,
338 4569 486 4617 uniformiter
496 4568 604 4617 describit
614 4568 651 4615 vel
660 4567 711 4615 tolli
718 4568 789 4629 possit
820 4566 928 4622 citantur,
945 4564 993 4610 sire
1008 4578 1070 4624 aqua
1079 4563 1105 4610 ia
1115 4563 1214 4626 planum
1228 4563 1309 4635 circuli
1321 4563 1448 4609 immotum

160 4632 197 4681 vel
207 4633 321 4697 gendari,
338 4633 364 4679 in
374 4632 464 4682 ratione
479 4631 570 4680 inversi
584 4642 724 4693 temporum,
741 4632 788 4678 sive
820 4629 943 4691 impingat,
959 4628 1007 4675 sive
1014 4626 1117 4676 circuitu
1126 4626 1210 4679 cidem
1219 4642 1275 4677 cum
1285 4626 1407 4676 velocitate
1421 4626 1448 4674 in

161 4699 191 4745 ob
200 4697 309 4747 eamdem
324 4697 434 4763 utrinque
449 4696 589 4747 οιΙεῐὶιιωπι
605 4697 631 4745 ἰιι
647 4695 736 4745 ratione
751 4695 788 4743 in-
820 4692 883 4758 aqniv
892 4691 1128 4758 qimam
