3434 5500
1367 198 1375 230 l

219 443 281 502 156
524 424 865 497 PHILOSOPHIAE
890 425 1163 494 NATURALIS
1201 419 1337 507 ¹[Mor.
1354 425 1509 490 Consors

215 607 304 672 simoe
326 603 437 669 iisdem
460 590 652 687 temporibus
674 612 868 687 peraguntur
889 617 926 688 nc
947 601 981 662 in
1005 598 1110 662 medio
1129 619 1194 662 non
1215 597 1388 674 resistente,
1411 595 1507 684 quim

213 697 367 797 proximi.
412 709 532 774 Earum
555 708 630 772 verb
652 731 724 794 quae
745 709 778 772 in
799 707 968 792 majoribus
990 705 1124 770 arcubus
1150 705 1240 782 fiunt,
1267 717 1409 789 tempora
1434 717 1507 767 suut

214 820 311 905 peulb
336 820 463 906 majore,
490 819 531 904 (α)
546 831 713 903 propterea
735 817 821 902 qubd
844 812 1019 880 resistentia
1044 816 1078 877 in
1101 815 1254 877 descensu
1280 813 1420 896 corporis
1443 810 1504 898 quai

214 941 337 1010 tempus
366 925 559 1011 producitur,
589 907 628 1010 ο(θ)
651 925 751 1010 major
775 925 815 987 sit
837 945 897 1008 pro
922 923 1042 986 ratione
1065 920 1270 1007 longitudinis
1295 919 1328 980 in
1354 918 1505 982 descensu

215 1031 391 1116 descriptae,
415 1031 509 1118 qudm
523 1031 697 1096 resistentia
711 1031 745 1093 in
759 1051 889 1094 ascensu
912 1028 1119 1114 subsequente
1133 1025 1195 1112 qui
1210 1039 1333 1107 tempus
1348 1025 1505 1088 contrahi-

214 1152 276 1202 tur.
322 1139 384 1204 Sed
400 1151 432 1203 et
446 1154 568 1224 tempus
583 1138 810 1205 oscillationum
824 1149 889 1200 tam
903 1137 1045 1200 brevium
1067 1132 1160 1221 quim
1181 1134 1346 1219 longarum
1361 1133 1505 1196 nonnihil

214 1245 349 1330 produci
372 1245 495 1309 videtur
520 1255 719 1331 permotum
741 1243 846 1307 medii.
893 1241 927 1326 (Υ)
944 1241 1027 1306 Nam
1051 1239 1235 1324 corporibus
1258 1237 1503 1302 tardescentibus

214 1353 311 1438 paulb
328 1352 431 1416 minus
454 1353 616 1429 resistitur,
639 1368 698 1436 pro
719 1353 840 1416 ratione
861 1331 1040 1427 uelocitatis,
1068 1349 1305 1435 etecorporibus
1327 1349 1504 1413 acceleratis

214 1458 311 1542 paulb
325 1459 425 1545 magis
439 1457 534 1544 quim
547 1459 586 1523 iis
601 1482 672 1545 quae
685 1458 881 1522 uniformiter
889 1458 1149 1544 progrediuntur:
1165 1457 1260 1543 idque
1272 1457 1345 1542 quia
1354 1456 1503 1532 medium,

215 1587 254 1628 eo
269 1587 362 1651 quern
377 1589 397 1630 a
410 1565 594 1648 corporibus
608 1565 832 1650 accepitmotu,
848 1564 882 1627 in
893 1564 1024 1628 eandem
1032 1563 1158 1650 plagam
1168 1562 1339 1649 pergendo,
1356 1561 1505 1646 inpriore

215 1695 290 1738 casu
301 1674 400 1760 magis
412 1675 555 1761 agitatur,
571 1674 786 1758 inposteriore
800 1674 921 1748 minus3
944 1697 980 1736 ac
994 1673 1126 1756 proinde
1141 1675 1239 1760 magis
1255 1674 1304 1736 vel
1314 1673 1417 1735 minus
1433 1693 1505 1736 cum

137 1812 139 1821 =
215 1778 400 1862 corporibus
414 1779 507 1843 motis
522 1779 689 1864 conspirat.
738 1779 887 1843 Pendulis
912 1778 1007 1865 igitur
1028 1779 1061 1840 in
1084 1778 1235 1841 descensu
1256 1777 1357 1864 magis
1379 1777 1503 1853 resistit,

214 1886 249 1948 iu
264 1907 393 1950 ascensu
408 1886 512 1950 minus
527 1881 622 1970 quim
636 1870 695 1968 pro
709 1885 830 1949 ratione
845 1883 1025 1961 velocitatis,
1042 1895 1124 1948 etex
1139 1882 1269 1968 utrique
1282 1881 1374 1948 causi
1383 1894 1505 1967 tempus

215 1990 413 2076 producitur.

386 2240 669 2319 puorosrmo
692 2239 861 2314 xxvur.
907 2223 1179 2306 insonent
1202 2243 1339 2306 xxm.

216 2417 252 2480 Si
266 2416 601 2499 corporifhnependido
615 2418 649 2479 in
663 2416 792 2500 cycbide
807 2416 959 2478 assidenti
979 2417 1129 2478 resistitur
1151 2418 1185 2478 in
1204 2417 1325 2478 ratione
1349 2425 1505 2480 munento·

259 2547 324 2588 nnn
349 2529 501 2608 temporis,
527 2527 587 2589 erit
607 2525 669 2608 ejus
688 2527 860 2589 resistentia
881 2527 924 2586 ad
944 2525 1002 2586 cim
1024 2526 1190 2606 gravitatis
1213 2535 1246 2586 ut
1268 2546 1398 2588 excessus
1419 2524 1507 2588 areis

261 2635 400 2696 descensu
418 2642 481 2695 toto
505 2633 648 2713 descripti
671 2653 765 2712 upra
784 2653 887 2696 eruin
901 2651 1022 2698 ascensu
1043 2631 1230 2714 subsequente
1250 2633 1441 2714 descriptum,
1464 2634 1508 2695 ad

253 2740 385 2820 penduli
398 2738 615 2821 longitudinem
625 2737 818 2820 duplicatam.
859 2753 861 2759 '

261 2909 416 2993 Designet
431 2908 460 2972 B
477 2908 505 2973 C
520 2930 627 2971 arcum
641 2882 792 2971 descensu
806 2905 1006 2991 descriptum,
1023 2908 1086 2993 C‘a
1100 2894 1207 2971 arcum
1222 2890 1351 2972 ascensu
1368 2909 1506 2993 descrip.

215 3031 303 3092 tnm3
319 3027 350 3079 et
366 3018 396 3079 A
412 3039 431 3079 a
446 3014 651 3079 differentiam
666 3035 813 3079 arcuum:
830 3027 863 3079 et
872 3014 1023 3078 stantibus
1035 3034 1106 3103 quae
1120 3015 1153 3077 in
1163 3012 1382 3099 Propositione
1392 3016 1505 3079 XXV.

220 3188 378 3253 =T4xc
394 3187 495 3253 T†y,
516 3187 579 3235 unde
597 3202 638 3248 per
656 3186 848 3247 compositionem
911 3184 947 3249 (θ)
960 3188 974 3216 *
987 3184 1506 3249 Majenpromuomnuguudius.1nn-

218 3252 336 3299 rationum
352 3252 470 3299 invenitur
485 3268 499 3297 v
507 3254 520 3281 ²
533 3252 556 3299 A
565 3253 592 3300 B
603 3278 636 3290 -
644 3267 670 3298 m
680 3267 696 3297 v
709 3252 732 3297 Α
745 3252 769 3297 Α
782 3251 805 3298 Β
815 3276 848 3290 -
879 3248 962 3312 §tudo
978 3249 1002 3296 in
1016 3248 1129 3323 descensu
1145 3250 1259 3311 descripte
1277 3266 1367 3311 semper
1382 3252 1456 3313 major
1471 3260 1506 3299 est

219 3329 543 3393 massmannus
556 3311 847 3393 (nvem
879 3312 1505 3389 quemunguuqoneaerpunnoenusuuoequene,

249 3394 394 3452 —-ff
880 3392 899 3423 si
909 3376 1013 3425 medium
1024 3386 1121 3436 resrsnt3
1133 3376 1189 3425 rinn
1197 3378 1410 3441 longitudinesillae
1420 3376 1446 3426 in
1456 3394 1506 3425 rne-

221 3420 490 3508 x1-¹¹L-)adv²
506 3442 663 3493 AB-mv
676 3445 721 3492 Α2
734 3443 845 3495 n=T=
880 3438 919 3488 dio
930 3456 978 3487 non
989 3441 1106 3489 resistente
1117 3440 1163 3489 sint
1173 3442 1273 3504 equales
1285 3446 1334 3507 (92.
1348 3443 1401 3490 Lib
1416 3443 1460 3503 t).

355 3500 370 3531 V
792 3548 849 3595 ΜΒ
912 3504 945 3569 (f)
959 3508 972 3536 ἢ·
986 3508 1053 3554 Nam
1063 3508 1192 3567 corporibus
1203 3509 1386 3564 tardescentiius,
1395 3522 1435 3555 seu
1446 3522 1506 3569 quo·

224 3588 287 3653 Ὴ,
294 3604 319 3650 5,
330 3585 524 3649 inquorum„
531 3585 631 3634 mino
638 3585 746 3648 neglect„
753 3614 785 3627 -
793 3616 845 3625 -
881 3583 934 3618 rum
946 3568 1054 3616 velocitas
1064 3570 1176 3644 continue
1186 3568 1303 3625 decrescit,
1314 3580 1342 3616 ut
1352 3570 1378 3617 fit
1388 3570 1413 3615 in
1424 3586 1506 3645 corpo·

813 3643 829 3673 v
879 3648 935 3679 rum
946 3648 1050 3691 ascensu,
1062 3633 1134 3694 paulo
1144 3647 1224 3680 minue
1234 3642 1354 3691 resistitur,
1366 3649 1409 3694 pro
1417 3644 1506 3681 retrone

222 3692 298 3754 (quod
307 3688 399 3739 inlinitd
406 3699 504 3749 porrum
512 3688 651 3749 supponitur
658 3690 848 3753 obenguitaeem
880 3695 1020 3755 celorinum
1033 3706 1057 3744 et
1064 3697 1197 3758 cerporibus
1208 3696 1346 3759 acceleratis,
1358 3714 1400 3745 sen
1410 3698 1506 3745 descen-

221 3770 290 3801 arcus
312 3756 333 3802 B
352 3762 380 3801 ut
400 3762 425 3801 et
445 3753 579 3814 quantitatis
599 3768 624 3799 m
641 3764 747 3812 respectu
764 3755 791 3816 r)
807 3755 848 3803 fiet
880 3759 994 3815 dentibus,
1015 3759 1086 3821 pauld
1104 3761 1178 3823 megia
1196 3759 1307 3807 resistitur
1323 3760 1394 3823 quim
1409 3762 1437 3809 iis
1452 3777 1507 3823 quae

221 3817 846 3883 v2An-mvsn1ev2AB-mvnnn=rzT÷53
879 3823 1219 3887 uniformiterprogrediunmr.
1248 3825 1279 3871 In
1287 3826 1363 3885 priore
1371 3826 1505 3883 enimcasu,

222 3891 325 3945 estergo
337 3883 359 3929 T
369 3900 404 3927 =
417 3881 516 3955 'iq-5,
526 3881 848 3955 siretempusinmedionon
879 3888 985 3935 medium
1002 3904 1031 3937 eo
1048 3903 1119 3950 quem
1138 3904 1153 3935 a
1170 3890 1305 3948 corporibus
1325 3889 1414 3949 accepit
1429 3898 1505 3945 motu,

220 3946 341 4020 resistente
350 3946 414 3993 idem
422 3960 452 3992 ac
460 3960 487 3991 1n
497 3944 575 3992 medio
584 3955 703 3993 renatente
712 3946 784 4009 quim
795 3962 848 4007 pro-
880 3967 996 4015 qnemque
1014 3952 1148 4015 aliquandiu
1165 3952 1316 3999 obireniam
1333 3952 1434 4001 materiae
1450 3967 1506 3999 con-

220 4007 292 4057 xlmt·
403 4074 410 4084 ⁹
566 4072 572 4085 α
880 4024 961 4074 servm,
973 4016 1356 4079 ineentdemplagampergitcom
1365 4016 1506 4077 semoribus,

256 4074 303 4121 Sed
314 4074 466 4121 oseiflatmms
474 4073 500 4119 in
510 4072 648 4121 medionon
659 4075 778 4123 resistente
791 4084 854 4124 sunt·
881 4087 904 4127 et
919 4082 950 4127 ob
965 4079 1100 4127 validiorem
1119 4082 1148 4127 ab
1165 4080 1233 4127 initio
1247 4080 1325 4129 mettis
1340 4082 1449 4128 continue
1465 4080 1506 4127 de-

220 4138 357 4194 isocbronae,
376 4138 431 4185 hinc
450 4153 506 4200 ergo
524 4138 678 4186 oscillationes
691 4140 807 4200 breviores
822 4140 848 4185 in
879 4143 1002 4191 micenis
1009 4152 1126 4203 ecoeptem
1134 4143 1308 4203 impressionem
1315 4145 1391 4206 magis
1398 4144 1506 4205 egitatm,

220 4202 300 4249 medlo
307 4202 425 4251 resistente
435 4202 466 4249 ad
476 4203 518 4249 bas
525 4198 596 4263 quim
604 4204 708 4263 proxime
715 4204 849 4253 aecedentes
881 4222 908 4253 ac
918 4207 1015 4269 proinde
1025 4208 1100 4271 magis
1107 4208 1222 4269 conspirat
1229 4220 1284 4255 mm
1292 4210 1425 4269 corporibus
1430 4207 1506 4261 motis,

221 4266 311 4313 ceteris
320 4275 377 4313 s'unt
385 4266 461 4328 magis
470 4266 605 4314 isocbronae.
642 4269 674 4323 Q.
685 4282 707 4313 e.
719 4268 745 4315 d.
831 4267 834 4276 '
881 4271 1040 4333 minoremque
1051 4272 1080 4317 iis
1089 4272 1242 4319 resistentimn
1258 4272 1344 4334 objicit.
1358 4312 1360 4317 ,
1381 4274 1415 4320 At
1430 4272 1455 4319 in
1470 4286 1508 4317 se-

256 4332 289 4395 (fl)
303 4335 452 4393 *Propterea
469 4334 530 4393 qaod
547 4334 674 4380 resistentia
689 4334 716 4380 in
731 4336 848 4391 dewemu,
882 4336 960 4382 cundo
981 4350 1035 4383 casu
1054 4334 1109 4383 oum
1128 4345 1206 4383 motus
1227 4346 1339 4397 perpetuo
1360 4336 1507 4393 acceleretur,

220 4396 264 4443 &a
300 4396 356 4451 Quo
374 4396 448 4459 maj0r
465 4405 501 4441 est
516 4394 653 4450 resistentia,
674 4394 704 4442 ed
722 4397 799 4445 minor
814 4397 848 4453 lit,
880 4399 986 4447 medium
997 4414 1026 4446 ex
1042 4400 1156 4460 prioribus
1171 4401 1255 4449 ictibus
1271 4416 1319 4447 non
1335 4401 1389 4447 satis
1404 4400 1508 4447 velocem

128 4504 131 4509 .
223 4460 312 4506 caeteris
327 4460 428 4519 paribus,
445 4459 547 4519 corporis
563 4458 723 4506 descendentis
733 4461 848 4519 mlodtas,
882 4473 974 4510 motum
989 4465 1084 4524 accepit,
1101 4474 1124 4511 et
1139 4464 1193 4512 ided
1203 4469 1254 4527 ejus
1264 4463 1368 4511 celeritas
1382 4464 1448 4511 novis
1462 4464 1508 4509 im-

222 4531 247 4569 et
257 4522 318 4580 ideo,
328 4532 438 4571 manente
448 4522 571 4569 descensis
586 4522 741 4585 longitndine,
757 4534 849 4585 ternpus
880 4528 986 4586 pulsibus
1007 4528 1118 4575 continno
1138 4528 1247 4590 augenda
1263 4538 1297 4575 est
1315 4538 1343 4575 ut
1360 4528 1431 4589 possit
1452 4537 1508 4574 eum

223 4602 265 4645 per
275 4588 427 4634 resistentiam
439 4586 586 4646 producitnr;
603 4596 626 4633 et
637 4597 724 4645 conns,
741 4587 789 4650 qud
799 4605 848 4636 me·
882 4593 1016 4651 corporibus
1026 4592 1095 4639 motis
1106 4593 1252 4653 conspirare;
1263 4592 1364 4654 hincque
1374 4592 1509 4653 corporibus

219 4650 258 4711 jor
267 4661 303 4696 est
312 4652 449 4706 resistentie,
466 4647 495 4697 ed
505 4649 573 4696 citius
583 4650 728 4714 exdnguitnr
742 4653 851 4702 uelocitas
880 4656 1012 4703 acceleratis
1026 4656 1112 4703 resistit
1121 4656 1196 4718 magis
1205 4655 1275 4717 quim
1292 4656 1440 4705 uniformiter
1454 4668 1509 4715 pro·

163 4740 165 4742 >
222 4711 314 4774 corpori
323 4714 542 4779 insitainascensu.
599 4723 603 4729 '
687 4769 689 4774 ,
883 4719 1046 4782 gredientibus.
1073 4720 1185 4769 Pendulis
1195 4720 1267 4783 igitur
1276 4720 1302 4767 in
1313 4721 1511 4782 descensumepts
