3434 5500
165 365 462 444 braun-Saeuus]
494 365 736 430 PRINCIPIA
759 365 1129 438 MATHEMATICA.
1389 376 1450 432 183

162 537 392 622 propemodum
407 549 548 622 {equatur
562 537 659 622 ipsius
675 537 857 602 resistentiae
873 539 947 614 toti3
970 540 1104 624 ideoque
1124 549 1228 623 partes
1247 538 1309 601 illae
1323 552 1396 602 sunt
1417 550 1453 602 ut

115 635 117 645 Α
165 652 237 720 318,
257 651 318 706 136
333 649 503 718 etdbrlbss
514 641 760 726 quamproxime,
776 643 810 706 id
824 655 885 719 est,
905 657 941 707 ut
957 650 975 711 7
992 656 1023 707 et
1040 652 1070 707 1.
1114 634 1319 707 Suntautem
1341 645 1452 728 globo·
1536 680 1539 694 ·

161 774 235 815 rum
249 751 392 814 diametri
410 757 469 834 18}
484 762 516 814 et
531 756 587 833 653
610 762 641 814 ct
662 751 775 814 harum
797 752 948 836 quadrata
964 753 1066 832 3511}
1081 764 1113 814 et
1126 753 1209 832 47st
1223 765 1297 816 sunt
1307 765 1341 815 nt
1356 759 1450 830 7,438

162 871 195 922 et
212 867 248 935 1,
266 858 298 920 id
320 869 376 933 est,
403 869 439 919 ut
460 857 626 943 globorum
647 857 830 922 resistentioe
853 866 872 926 7
895 867 957 921 etl
975 857 1221 941 quamproxime.
1265 858 1452 922 Differentia

149 968 319 1049 ‚rationum
332 966 419 1036 haud
433 968 532 1050 major
547 977 603 1042 est,
620 988 712 1051 quam
728 989 798 1052 quae
813 988 853 1030 ex
868 967 914 1029 fili
927 966 1100 1057 resistentiri
1113 967 1192 1054 oriri
1205 967 1316 1049 potuit
1348 967 1452 1053 Igitur

161 1077 406 1141 resistentiarum
424 1087 530 1160 partes
541 1057 614 1168 ¹illae
637 1097 707 1161 quae
728 1087 809 1152 sunt,
835 1076 964 1159 paribus
978 1074 1090 1161 globis,
1116 1087 1151 1138 ut
1165 1074 1317 1159 quadrata
1334 1077 1451 1140 veloci·

160 1197 271 1263 tatum,
298 1197 371 1250 sunt
384 1185 487 1262 etiam,
511 1185 640 1269 paribus
654 1184 879 1261 velocitatibus,
904 1195 940 1247 ut
961 1168 1115 1268 quadrata
1134 1181 1358 1248 diametrorum
1379 1182 1449 1271 glo·

162 1295 287 1358 borum.
1042 1355 1046 1361 .

206 1401 363 1466 Caeterum
374 1401 550 1488 globorum,
567 1400 679 1486 quibus
691 1423 766 1464 usus
781 1422 851 1464 sum
865 1399 899 1462 in
912 1399 1205 1483 hisexperimentis,
1220 1401 1374 1464 maximus
1383 1423 1448 1463 non
1479 1417 1482 1426 ·

160 1522 228 1574 erat
241 1507 376 1594 perfecte
391 1508 571 1592 sphaericus‚
595 1520 626 1574 et
645 1519 812 1592 propterea
826 1507 859 1570 in
874 1506 994 1570 calculo
1007 1507 1060 1570 hic
1074 1509 1167 1571 allato
1188 1508 1334 1572 minutias
1358 1529 1448 1592 quas-
1491 1505 1493 1509 ’

160 1618 235 1681 dam
258 1615 416 1679 brevitatis
441 1614 541 1702 gratini
567 1615 709 1701 neglexi3
733 1615 774 1678 de
787 1613 915 1678 'calculo
937 1626 1081 1678 accurato
1102 1615 1133 1676 in
1155 1616 1368 1698 experimento
1382 1637 1448 1676 non

161 1729 235 1792 satis
256 1741 401 1791 accurato
422 1721 550 1792 minime
573 1729 732 1792 sollicitus.
777 1728 924 1812 Optarim
944 1727 1064 1812 itaque,¹
1084 1730 1122 1811 (ὅ)
1139 1726 1211 1790 crim
1225 1728 1451 1792 demonstratio
1483 1738 1486 1744 ’

190 1897 679 1962 (⁸)187.'Cilmdemonstratiooocui‚&c.
700 1899 788 1948 Utrum
820 1915 905 1962 corpus
915 1915 984 1964 grave
995 1899 1049 1949 dau
1058 1900 1173 1948 celeritate
1183 1901 1325 1948 movendum
1335 1900 1449 1960 adhiben-¹

161 1961 290 2008 resistentia
303 1977 374 2024 quarn
384 1964 410 2009 in
420 1963 490 2018 motis
504 1965 637 2028 corporibus
648 1965 787 2024 experimur,
819 1963 857 2021 da,
866 1964 1011 2011 decrescente
1018 1966 1120 2025 corporis
1127 1965 1198 2026 hujus
1205 1966 1322 2027 gravitme
1330 1965 1355 2024 in
1363 1963 1446 2010 eidem

163 2034 212 2072 tota
230 2025 259 2072 sit
277 2026 302 2071 in
321 2041 402 2072 eorum
418 2027 512 2074 externi
530 2028 660 2087 superficie,
682 2044 713 2074 an
735 2027 788 2074 vero
820 2028 911 2075 ratione
921 2029 1044 2086 decrescat,
1064 2029 1175 2090 nullaque
1189 2030 1219 2074 sit
1237 2028 1327 2074 attens
1337 2028 1449 2090 grantes,

161 2097 237 2150 partes
247 2089 317 2136 etiam
327 2090 425 2138 internae
434 2091 459 2136 in
471 2091 635 2150 superficiebus
646 2091 742 2152 propriis
752 2107 787 2138 re·
821 2107 964 2153 consequens
979 2108 1028 2139 esse
1038 2093 1105 2139 aiunt
1114 2103 1142 2139 ut
1152 2107 1236 2152 corpus
1253 2107 1323 2153 grave
1341 2091 1405 2152 qu'od
1420 2091 1446 2136 in
1478 2134 1480 2141 ,

159 2151 287 2199 sistentiam
302 2154 428 2200 notabilem
439 2153 546 2210 sentiant,
564 2155 728 2214 experimentis
738 2155 790 2216 glo·
822 2157 907 2202 aethere
918 2154 974 2202 dart
983 2156 1100 2202 celeritate
1115 2157 1194 2209 fertur,
1215 2155 1307 2201 nonnisi
1322 2155 1446 2200 infinitesi·

160 2218 244 2264 borum
255 2217 368 2264 inmedio
384 2219 502 2266 resistente
518 2218 673 2266 oscillantium
688 2219 787 2265 inveniri
818 2233 882 2264 mam
899 2219 977 2267 motha
995 2220 1032 2266 aui
1050 2229 1139 2279 partem
1157 2234 1186 2266 ex
1205 2219 1333 2265 resistentia
1354 2219 1445 2264 aetheris

158 2288 243 2340 potest
269 2281 331 2330 Nam
340 2281 366 2336 si,
375 2281 475 2340 exempli
483 2281 561 2338 causi,
567 2282 691 2344 globorum
699 2282 724 2328 in
732 2282 786 2328 dato
819 2281 887 2328 finito
896 2283 977 2343 quovis
987 2292 1090 2342 tempore
1101 2282 1216 2342 deperdat.
1253 2281 1344 2328 Verum
1352 2291 1446 2342 praeter-

139 2375 141 2382 ·
159 2343 237 2392 medio
247 2345 341 2403 paribus
352 2345 510 2391 velocitatibus
520 2355 637 2392 motorum
652 2346 786 2392 resistentie
817 2360 889 2406 quam
906 2346 971 2406 quod
988 2354 1065 2392 totum
1081 2348 1125 2392 hoc
1137 2355 1242 2407 systema,
1262 2354 1290 2391 ut
1308 2347 1403 2408 elegans
1417 2361 1445 2392 ac

158 2421 249 2466 semper
260 2417 336 2455 essent
345 2408 370 2454 in
381 2407 500 2468 duplicati
511 2409 676 2457 diametrorum
687 2410 784 2466 ratione,
816 2419 951 2465 venustum,
967 2409 1027 2456 fictis
1037 2409 1085 2454 sere
1095 2409 1126 2455 ad
1135 2408 1254 2455 arbitrium
1270 2410 1443 2468 hypothesibus,

159 2470 298 2517 insensibilis
309 2471 368 2518 foret
378 2472 403 2517 in
414 2473 517 2531 partibus
532 2473 629 2520 internis
644 2474 784 2532 resistentia;
817 2487 875 2533 quas
893 2474 1022 2520 Newtonus
1039 2487 1053 2518 e
1069 2471 1162 2530 physici
1179 2471 1356 2530 experimentali
1374 2471 1444 2518 vellet

159 2548 214 2580 cum
224 2535 289 2581 enim
300 2535 427 2582 resistentia
437 2535 477 2583 illa
487 2535 598 2582 internae
606 2552 711 2591 numero,
718 2552 785 2598 mag-
817 2536 938 2592 eliminari,
950 2535 1038 2590 nititur,
1049 2535 1199 2596 plurimisque
1207 2544 1230 2580 et
1241 2534 1381 2596 gravissimis
1390 2535 1442 2581 aliis

159 2597 273 2654 nitudine‚
285 2598 360 2660 figuris
377 2609 400 2646 et
416 2599 514 2656 terrori
524 2601 667 2646 internarum
684 2601 785 2660 partium
817 2614 846 2646 ex
863 2600 997 2648 mechanica
1017 2609 1086 2660 atque
1107 2596 1248 2644 astronomia
1268 2597 1443 2645 difficultatibus

160 2661 276 2720 penderet,
298 2678 346 2708 non
362 2673 439 2723 posset
454 2663 534 2710 eadem
551 2673 681 2711 constanter
692 2678 785 2709 manere
817 2665 937 2723 premitur,
955 2661 1165 2710 adductummodd
1180 2673 1315 2721 responsum
1326 2662 1442 2707 hisetiam

162 2725 187 2771 in
197 2724 274 2788 globis
284 2726 411 2789 aequalibus
421 2735 445 2773 et
454 2728 620 2790 heterogeneis,
631 2727 715 2790 ligneis
725 2743 745 2773 v.
758 2743 782 2790 g.
817 2727 907 2775 laborat
916 2727 1075 2775 incommodis.
1112 2726 1219 2773 Primum
1234 2727 1329 2787 quidem
1348 2725 1442 2772 evidens

162 2798 186 2836 et
196 2790 319 2849 plumbeis,
336 2806 379 2837 nec
389 2792 414 2836 in
424 2790 500 2853 globis
511 2792 664 2854 inaequalibus
680 2803 784 2838 externa·
817 2803 858 2849 est,
876 2793 924 2838 vim
939 2792 1003 2837 illam
1015 2807 1068 2852 quae
1079 2789 1111 2836 ad
1125 2805 1208 2850 corpus
1219 2804 1288 2852 grave
1298 2788 1378 2835 contria
1388 2805 1441 2852 gra-

160 2868 213 2899 rum
224 2852 405 2915 superficierum,
424 2854 464 2901 sed
480 2854 557 2913 potius
572 2855 700 2901 solidorum
715 2855 784 2902 ratio·
816 2855 892 2903 vitatis
909 2856 1058 2902 directionem
1075 2854 1237 2900 sustinendum
1255 2853 1380 2899 necessaria
1398 2863 1440 2909 est,

159 2930 223 2962 nem¹
238 2926 380 2979 sequeretur.
406 2916 674 2986 ¹Porro-superioribus
695 2918 784 2978 expeti·
817 2934 872 2965 cum
889 2920 991 2978 corporis
1009 2918 1111 2977 pondere
1128 2917 1258 2964 decrescere
1278 2918 1377 2975 debere;
1400 2918 1439 2963 sed

159 2981 243 3027 mentis
255 2983 306 3041 jam
322 2984 443 3041 probatum
458 2982 527 3028 estin
538 2982 689 3028 velocioribus
704 2982 784 3044 globo-
817 2998 865 3029 non
876 2982 909 3029 ital
920 2982 1068 3029 manifestum
1080 2991 1115 3027 est
1125 2982 1172 3026 vim
1188 2982 1307 3025 matricem
1318 2980 1347 3025 ad
1359 2981 1441 3026 datam

158 3058 212 3090 rum
222 3046 333 3101 motibus,
344 3044 483 3091 resistentiaa
492 3045 609 3106 quadratis
619 3044 785 3093 diametrorum
816 3060 900 3106 corpus
910 3060 980 3108 grate
990 3044 1043 3091 dati
1053 3044 1167 3091 celeritate
1177 3044 1319 3091 movendum
1330 3044 1439 3090 adhiben-

159 3108 340 3167 proportionales
346 3124 394 3155 esse
400 3124 470 3171 quarn
478 3110 589 3167 proxime,
596 3108 782 3155 concludendum
816 3108 878 3166 darn,
891 3109 1014 3155 iuratione
1025 3108 1132 3167 ponderis
1142 3107 1271 3153 decrescere
1279 3117 1391 3166 oportere,
1399 3108 1440 3153 uhi

158 3170 275 3232 igiturest
286 3172 375 3217 nullam
387 3188 435 3218 esse
447 3172 571 3219 notabilem
582 3173 607 3217 in
618 3173 720 3232 partibus
731 3188 781 3219 cor·
814 3174 849 3219 vis
866 3173 930 3219 illius
942 3172 1052 3218 'metricis
1069 3170 1164 3217 directio
1182 3170 1299 3231 gravitatis
1319 3170 1439 3217 directioni

159 3239 242 3293 porum
249 3236 345 3281 internis
351 3235 509 3293 resistentiam,
519 3235 582 3296 quod
590 3245 668 3283 tamen
675 3236 783 3296 deinceps
815 3238 920 3296 opposita
930 3250 978 3282 non
989 3244 1029 3288 est,
1042 3235 1083 3281 sed
1093 3234 1127 3279 illi
1136 3233 1331 3293 perpendicularis
1336 3244 1377 3279 aot
1385 3250 1440 3279 cum

158 3296 265 3357 pluribus
280 3298 331 3345 aliis
346 3300 489 3361 argumentis
504 3300 669 3346 demonstrabit
687 3300 782 3347 Newto-
814 3300 855 3347 illi
866 3300 1005 3359 conspirans.
1031 3296 1440 3350 Praetereamateria.omnisaetberea

88 3411 89 3415 Ἰ
160 3376 210 3409 nus.
240 3362 331 3409 Verum
342 3364 360 3409 si
371 3363 475 3409 medium
486 3362 602 3425 quoddam
613 3364 738 3410 ethereum
747 3363 783 3410 vel
817 3365 880 3413 circo
888 3365 974 3418 Solem,
985 3362 1069 3415 stellas,
1081 3371 1150 3422 atquc
1160 3362 1262 3419 planetas
1272 3361 1377 3421 singulos
1388 3376 1438 3419 per·

159 3424 228 3487 longe
245 3425 421 3472 subtilissimum
437 3441 518 3472 omnes
535 3426 642 3472 omnium
660 3441 783 3487 corporum
814 3428 932 3474 uicissimo
940 3436 1006 3472 motu
1016 3426 1042 3471 in
1052 3428 1131 3471 orbem
1142 3434 1193 3469 acta
1200 3423 1222 3467 vi
1230 3422 1361 3485 centril'ugia
1368 3424 1439 3482 pollet

160 3503 228 3547 poros
246 3499 271 3536 et
287 3498 377 3537 meatus
394 3491 498 3550 repleret,
521 3499 613 3549 propter
630 3490 701 3536 medii
720 3487 791 3536 illius
814 3491 861 3552 qud
871 3507 886 3537 o
895 3490 979 3537 centris
989 3503 1128 3551 magnomm
1137 3488 1257 3543 vorticum,
1269 3498 1338 3549 atque
1348 3488 1416 3533 etiam
1425 3504 1441 3535 a

132 3597 134 3601 .
160 3552 710 3613 aethereisummamdensitatematqueinertiam
718 3552 783 3599 omni
815 3555 899 3601 centris
916 3553 1064 3615 singulorum
1082 3552 1247 3598 vorticulorum
1263 3550 1360 3610 propriis
1376 3566 1438 3596 rece-

160 3616 261 3663 materiae
271 3617 394 3675 propriam,
406 3626 481 3675 partes
492 3618 589 3663 intemae
604 3632 727 3677 corporum
742 3632 784 3677 par
815 3618 870 3665 dere
881 3618 970 3673 nititur,
987 3615 1050 3663 unde
1060 3626 1196 3662 caeterorum
1206 3629 1329 3674 corporum
1340 3614 1440 3675 gravitas

160 3694 270 3741 magnam
287 3680 438 3730 resistentiam
453 3680 569 3727 sentirent.
606 3679 691 3742 Atqui
704 3681 783 3727 Cartc-
815 3683 987 3738 ortumhabet;
1007 3680 1075 3726 atris
1086 3678 1329 3739 illacentrifugaquae
1345 3678 1439 3724 cumvi

162 3743 253 3790 danum
263 3743 346 3789 mundi
357 3743 419 3802 pleni
431 3756 529 3803 systema
545 3742 698 3791 emendarunt
708 3744 783 3789 novis-
816 3743 943 3805 centripetrl
960 3760 1002 3790 seu
1022 3744 1133 3805 gravitate
1154 3740 1253 3788 conferri
1275 3750 1357 3801 potest,
1377 3741 1441 3787 idem

145 3806 784 3871 ·queinventisornarunt'eruditissimisagacissimique
816 3818 923 3868 prestare
932 3808 958 3855 in
969 3808 1053 3853 aethere
1064 3807 1132 3853 debet
1146 3806 1235 3852 ratione
1253 3806 1331 3851 monis
1345 3809 1371 3851 In
1386 3804 1441 3852 detti

161 3871 324 3926 mathematici,
347 3870 372 3926 ii,
397 3871 522 3929 repudiatis
548 3872 663 3917 veteribus
683 3870 783 3932 effugiis,
816 3873 919 3919 materiai
937 3872 1064 3932 quantitate
1075 3862 1130 3917 dail
1139 3872 1161 3915 vi
1171 3869 1267 3917 metrice
1282 3869 1439 3929 imprimendi,
1447 3897 1455 3923 ¹.

163 3935 247 3995 quibus
260 3934 445 3980 Cartesianorum
462 3934 547 3995 vulgus
558 3935 637 3988 utitur,
655 3934 784 3981 ersubtili-
816 3936 881 3998 qnod
902 3936 927 3981 in
948 3935 1036 3982 ceteris
1059 3934 1192 3995 corporibus
1215 3934 1315 3995 gravitas
1338 3942 1438 3993 praestat.

162 4006 207 4045 tate
225 4012 252 4043 ac
272 3998 399 4045 mobilitate
420 3998 511 4044 aetheris
529 4008 552 4044 et
570 4013 679 4057 purorum
700 3998 785 4059 quibus
818 4000 893 4047 Nulla
904 3999 975 4060 igitur
985 4015 1033 4045 esse
1043 3999 1102 4046 ratio
1112 4000 1204 4043 videtur
1213 4013 1256 4044 cur
1271 4013 1356 4057 corpus
1371 4004 1441 4059 grave

163 4075 257 4120 corpora
267 4062 347 4107 omnia
357 4072 450 4121 pertusa
465 4070 520 4107 sunt
534 4061 683 4121 dispositione
699 4061 783 4121 petitis,
817 4062 872 4110 dart
882 4064 998 4110 celeritate
1008 4073 1099 4109 motum
1107 4062 1201 4109 nonnisi
1208 4061 1381 4108 infinitesimam
1391 4076 1441 4107 suae

162 4125 205 4170 boc
216 4139 293 4171 unum
304 4139 438 4185 responsum
450 4125 577 4183 proferunt,
597 4128 718 4171 aetherearn
734 4140 784 4173 ma·
817 4126 939 4174 celeritatis
956 4126 1094 4185 particulam
1109 4141 1138 4171 ex
1154 4126 1245 4176 aetheris
1255 4142 1304 4172 non
1319 4126 1442 4187 gravisre-

162 4188 242 4235 teriam
258 4202 380 4247 corporum
396 4189 502 4249 gravium
520 4189 622 4235 motibus
636 4190 733 4235 minime
748 4204 784 4235 re-
817 4190 921 4237 sistentiti
938 4189 1035 4244 amittat,
1058 4190 1173 4251 siquidem
1191 4189 1251 4236 illud
1268 4190 1291 4235 ri
1311 4187 1442 4249 centrisugia

163 4250 247 4308 sistere,
258 4252 325 4313 quod
333 4252 363 4299 sit
372 4252 437 4297 omni
453 4252 563 4314 gravitate
579 4252 694 4299 destituta·
731 4254 784 4301 Du-
818 4254 904 4315 pollet;
924 4263 955 4309 et,
974 4252 994 4298 si
1010 4254 1105 4299 materia
1115 4256 1214 4299 aetherea
1224 4253 1267 4299 sud
1278 4253 1300 4299 vi
1310 4251 1441 4313 centrifugi

163 4314 228 4373 plicis
247 4317 325 4376 itaque
343 4316 434 4377 generis
452 4317 569 4361 materiam
582 4319 606 4360 in
617 4316 724 4361 universo
740 4316 785 4363 dis-
818 4319 856 4365 vel
866 4316 928 4364 certe
937 4317 960 4362 vi
974 4316 1029 4363 inde
1039 4315 1090 4363 orti
1100 4332 1224 4378 corporum
1239 4317 1372 4379 gravitatem
1388 4329 1441 4373 pro.

163 4378 283 4439 tinguunt,
303 4393 397 4440 gravem
413 4378 507 4425 alteram
519 4380 586 4441 cujus
596 4390 671 4438 partes
681 4380 706 4425 in
716 4382 787 4427 vorti·
819 4381 896 4437 ducat,
918 4395 1049 4442 eorumque
1065 4390 1157 4428 motum
1178 4382 1272 4427 finitum
1290 4380 1400 4426 acceleret
1418 4389 1441 4434 et

164 4442 228 4487 culos
248 4440 329 4488 divisas
348 4432 399 4487 'non
417 4452 479 4495 sunt,
501 4442 597 4490 alteram
616 4458 664 4488 non
685 4458 787 4505 gravem,
819 4446 942 4553 extinguat
959 4444 1026 4490 finito
1045 4455 1156 4505 ternpore,
1175 4444 1252 4491 multo
1267 4444 1342 4504 magis
1360 4441 1441 4487 eadem

164 4505 238 4551 omnis
248 4514 327 4552 tamen
338 4505 457 4567 gravitatis
468 4520 567 4567 causam,
584 4508 652 4567 cujus
668 4516 743 4565 partes
759 4524 787 4554 er
820 4518 881 4555 mate
894 4509 916 4555 'a
932 4523 1015 4567 corpus
1024 4513 1102 4571 'grave
1117 4524 1216 4562 movere,
1235 4517 1276 4555 aut
1286 4518 1376 4552 motum
1392 4506 1443 4567 ejus

164 4569 304 4615 tenuissimis
315 4569 429 4615 variorum
441 4568 550 4615 ordinum
562 4570 679 4631 verticulis
692 4571 789 4617 elasticis
822 4573 889 4618 finito
896 4574 1139 4635 temporeextinguere
1147 4567 1316 4627 debetsiiinitd
1324 4569 1443 4618 velocitate

164 4640 275 4681 constant.
313 4631 376 4681 Ciun
391 4642 476 4701 'autem
498 4634 532 4679 vis
552 4634 636 4681 metria
658 4633 688 4681 ad
709 4634 789 4683 datum
813 4635 917 4698 ,minut
926 4634 1272 4697 incunctaccontinudurgeat,
1285 4634 1445 4685 cumvisccm

689 4722 828 4769 ·M4
