3434 5500
282 458 321 514 so
371 431 385 456 '
598 433 935 506 Puluosorrurn
956 427 1228 506 urrunnun
1285 425 1554 508 [noemma

420 614 479 680 rr

281 683 399 748 ratione
413 702 486 782 ῇ-Ὲι
497 698 554 762 per
567 675 719 740 calculum
734 671 868 747 inventri,
896 670 935 754 (⁸)
958 667 1115 734 auferatur
1128 664 1208 760 ratio
1224 662 1332 728 eadem
1354 683 1412 744 per
1432 660 1555 744 experi-

282 836 420 890 mentum
433 824 567 899 invente,
583 830 616 884 et
628 827 801 903 exponatur
812 813 986 878 differentia
998 833 1056 897 per
1069 807 1326 896 perpendiculum
1342 803 1432 895 MN.
1464 803 1554 868 Idem

293 3182 341 3245 fac
356 3182 467 3245 iterum
481 3204 518 3246 ac
532 3184 632 3261 tertio,
656 3186 842 3249 assumendo
856 3209 978 3271 semper
998 3210 1111 3251 novam
1133 3184 1314 3250 resistentiae
1328 3183 1368 3246 ad
1382 3159 1563 3269 gravitatem

294 3289 442 3351 rationem
460 3290 482 3353 S
498 3289 547 3363 M,
562 3301 594 3352 et
608 3290 782 3377 colligendo
796 3315 909 3355 novam
923 3292 1127 3358 differentium
1144 3291 1183 3356 M
1195 3292 1236 3355 N.
1279 3289 1445 3353 Ducentur
1458 3300 1563 3351 autem

294 3396 475 3460 differentiae
489 3398 678 3463 affirmativae
691 3400 731 3461 ad
747 3423 840 3463 unam
854 3413 975 3484 partem
989 3414 1082 3465 rectae
1098 3404 1120 3465 S
1136 3401 1185 3477 M,
1208 3412 1240 3464 et
1254 3400 1404 3486 negativae
1426 3398 1467 3460 ad
1488 3397 1563 3459 alte-

294 3526 377 3580 ram3
399 3516 431 3567 et
444 3526 500 3587 per
513 3517 629 3589 puncta
643 3506 685 3581 N,
699 3505 740 3582 N,
755 3506 788 3569 N
802 3519 911 3593 agatur
924 3530 1019 3572 curva
1032 3507 1182 3594 regularis
1198 3506 1230 3569 N
1240 3505 1272 3569 N
1284 3506 1317 3568 N
1331 3525 1437 3567 secans
1446 3514 1563 3566 rectam

296 3614 319 3677 S
335 3613 374 3677 M
390 3612 429 3676 M
445 3611 484 3675 M
499 3612 531 3687 in
546 3612 590 3690 X,
617 3614 655 3696 (⁸)
681 3623 713 3677 et
733 3614 792 3677 erit
808 3616 831 3679 S
846 3616 882 3679 X
905 3638 978 3679 vera
998 3617 1077 3680 ratio
1101 3615 1282 3679 resistentiae
1304 3614 1346 3677 ad
1369 3612 1561 3699 gravitatem,

284 3790 286 3801 Δ
321 3809 403 3871 (²)65.
413 3808 914 3873 Auferotorrotioeodcmperecpndmenntm
945 3812 1024 3859 dinem
1040 3821 1179 3871 assumptam
1197 3813 1223 3858 D
1236 3811 1303 3858 Prel
1316 3811 1375 3869 Dp,
1392 3807 1563 3870 quaevetocita-

295 3874 400 3927 invento3
417 3881 440 3919 et
454 3873 473 3917 si
488 3871 546 3917 nihil
561 3881 596 3918 est
610 3872 703 3928 residui,
719 3882 781 3921 recte
796 3885 914 3935 assumpta
944 3885 992 3921 tom
1002 3876 1079 3923 datam
1090 3890 1179 3934 semper
1189 3884 1264 3933 potest
1273 3876 1386 3927 exhibere,
1397 3887 1438 3932 per
1448 3871 1564 3933 angulum

144 3996 145 4010 χ
209 3944 220 3955 ’
295 3934 342 3983 ruit
351 3935 410 3983 ratio
419 3934 552 3981 resistentiae
562 3935 592 3981 ad
602 3935 750 3997 gravitatem
762 3938 781 3983 si
791 3937 847 4000 quid
857 3939 913 3985 resi-
948 3939 1005 3987 PD
1020 3940 1040 3986 C
1056 3939 1093 3985 vel
1109 3954 1125 3998 p
1138 3940 1163 3985 D
1182 3940 1209 3992 C,
1227 3947 1250 3985 et
1261 3952 1303 3997 per
1319 3937 1431 3984 rationem
1448 3936 1564 3981 linearum

296 3998 337 4045 dni
347 3998 425 4055 suerit,
435 4008 558 4059 eaponotur
567 4001 693 4064 dfflrentia
702 4016 744 4061 per
755 4003 787 4047 Μ
795 4003 829 4049 N·
849 4002 913 4047 Nam
947 4002 972 4049 D
988 4003 1016 4060 A,
1031 4002 1054 4048 Α
1067 4003 1095 4058 C,
1107 4018 1147 4048 seu
1158 4002 1270 4049 rationem
1285 3999 1416 4047 resistenuae
1424 3999 1455 4044 nd
1465 3998 1564 4061 gravita-

296 4062 388 4109 sirecte
398 4071 514 4122 assumpta
523 4061 571 4109 fuit
579 4062 638 4109 mtto
648 4063 781 4110 resistentia
797 4064 826 4110 nd
837 4065 912 4127 gravi-
945 4076 1000 4121 tem,
1011 4066 1100 4113 sirecte
1106 4076 1224 4125 assumpte
1230 4064 1289 4112 fuitz
1303 4062 1565 4126 qunredifferentiatota

296 4134 374 4182 tatem,
386 4140 457 4173 curva
468 4125 493 4172 D
504 4140 537 4171 ra
546 4125 567 4171 F
576 4140 617 4185 per
627 4128 819 4174 constructionem
829 4128 866 4173 vel
874 4144 915 4188 per
947 4129 1006 4175 inter
1016 4144 1093 4176 veram
1103 4129 1255 4192 tmjeetorinm
1265 4128 1439 4175 etcurvamhoc
1446 4125 1519 4171 modo
1524 4140 1566 4183 per

297 4189 491 4250 computationem
507 4188 619 4250 descripto
629 4190 710 4237 similis
727 4200 762 4237 est
779 4192 915 4255 tmjectnriro
947 4193 1139 4239 constructionem
1157 4192 1293 4252 descriptam
1311 4200 1346 4238 est
1363 4191 1388 4236 in
1404 4188 1566 4249 magnitudine

296 4268 367 4315 quam
377 4267 460 4311 corpus
469 4251 495 4297 in
504 4252 581 4298 medio
591 4254 709 4301 resistente
715 4253 792 4301 reveri
799 4253 913 4311 desenirit,
946 4255 1060 4302 linearum
1070 4256 1253 4317 homologarum,
1262 4270 1360 4316 quamm
1371 4253 1429 4300 ratio
1439 4261 1474 4299 eet
1483 4252 1566 4298 eedem

296 4326 321 4363 et
338 4317 392 4363 hinc
409 4314 585 4377 homologarum
601 4315 627 4363 in
642 4318 689 4363 illis
705 4320 781 4365 curris
799 4317 914 4365 linearum
946 4318 971 4364 iu
983 4318 1079 4380 utrique
1086 4318 1163 4365 curvet.
1185 4320 1268 4365 Curvae
1275 4315 1563 4380 igiturillaesimilessunt.

297 4380 365 4427 debet
375 4372 490 4425 esseraiio
506 4378 565 4425 data.
601 4380 775 4428 Determinstur
790 4382 851 4427 enim
868 4391 914 4428 tre·
979 4382 1013 4447 (⁸)
1025 4388 1063 4430 66.
1082 4385 1168 4431 Eterit
1184 4384 1240 4431 sX
1252 4399 1304 4429 vero
1321 4384 1379 4428 ratio
1395 4381 1568 4427 meistenticrod

292 4444 390 4505 jectoria
404 4458 458 4488 rere
468 4456 497 4488 ex
506 4440 625 4489 velocitate
636 4452 659 4489 et
670 4445 759 4507 angulo
768 4445 914 4506 projectionis
943 4450 1084 4507 gravitatem.
1119 4446 1182 4493 Nam
1193 4446 1233 4492 ubi
1250 4446 1280 4492 M
1292 4446 1317 4493 N
1332 4460 1374 4491 seu
1384 4442 1514 4491 differentia
1529 4457 1568 4488 ra-

298 4505 916 4569 equeliPDCvelpDC,atqueerraticnere·
959 4546 965 4558 .
1056 4508 1105 4555 Ff
1383 4545 1390 4558 ,

297 4569 406 4618 sistentiae
416 4570 446 4617 nd
456 4568 589 4631 gravitatem
600 4567 691 4627 datam3
703 4581 726 4618 et
736 4586 805 4618 curva
814 4587 854 4631 per
860 4586 915 4617 con.
948 4556 1038 4595 ¹¹⁰¹¹¹¹m
1051 4576 1114 4634 fflffir
1134 4563 1187 4609 (1¹¹²
1203 4562 1244 4608 1²²1
1264 4554 1461 4606 mmmmm
1482 4552 1506 4591 0²
1526 4558 1569 4603 1²0¹·

298 4635 447 4681 structionem
463 4632 577 4681 delineata
587 4631 752 4681 determinatur
762 4648 803 4695 per
812 4634 915 4697 longitu·
948 4652 1130 4710 experimentum
1145 4653 1245 4698 invem
1254 4658 1317 4709 gum,
1333 4650 1400 4698 nun,
1409 4657 1451 4707 ω,
1461 4656 1522 4696 „210
1532 4662 1568 4694 m,

1693 904 1695 943 i

1693 1022 1694 1073 i

1694 1108 1695 1133 t
