3434 5500
188 382 301 447 Lmen
316 382 481 460 Securo]
513 381 756 448 PRINCIPIA
779 386 1150 454 MATHEMATICA.
1416 400 1478 461 aet

186 556 313 633 canalis,
330 556 382 619 hio
392 578 458 619 non
465 571 466 574 ’
473 556 648 621 considero.
671 557 850 644 Designent
864 559 960 645 igitur
969 560 1000 623 A
1011 560 1050 637 B,
1065 562 1095 625 Ο
1102 562 1137 625 D
1145 562 1336 627 mediocrem
1342 535 1479 637 altitudi-

186 686 259 727 nem
271 686 361 749 aquae
370 665 402 726 in
415 686 505 727 crure
515 676 667 749 utroque3
683 675 715 727 et
729 665 784 727 ubi
799 687 880 750 aqua
893 666 927 727 in
938 688 1028 729 crure
1045 667 1077 730 K
1090 667 1119 731 L
1134 670 1274 735 ascendit
1288 670 1329 733 ad
1343 670 1479 735 altitudi-

185 792 260 833 nem
272 770 346 847 EF,
357 770 553 834 descenderit
564 794 645 857 aque
655 771 688 833 in
698 793 790 835 crure
804 772 843 836 M
854 773 887 835 N
896 772 936 839 ad
945 773 1141 837 altitudinem
1154 776 1186 839 G
1196 776 1245 839 H.
1278 776 1326 841 sit
1336 788 1440 841 autem
1451 778 1478 842 P

184 901 298 963 corpus
313 878 496 961 pendulum,
514 880 545 941 V
558 880 586 942 P
599 878 698 956 filum,
721 880 752 941 V
766 892 919 963 punctum
935 881 1157 964 suspensionis
1182 882 1214 945 R
1231 882 1258 945 P
1273 883 1306 959 Q
1324 885 1346 948 S
1361 884 1477 969 cyclois

184 1008 278 1070 quam
292 984 465 1069 pendulum
480 985 645 1062 describat,
665 986 773 1069 Pejus
788 998 939 1069 punctum
954 987 1107 1064 infimum,
1126 988 1202 1065 P'Q
1216 1008 1306 1053 arcus
1321 990 1477 1058 altitudini

127 1144 132 1153 .
185 1094 216 1157 A
232 1094 262 1157 E
276 1092 414 1179 aequelis.
459 1092 525 1170 Vis,
550 1092 611 1179 qud
623 1105 729 1166 motus
744 1114 834 1178 aquae
848 1093 978 1157 alternis
993 1094 1111 1158 vicibus
1127 1096 1319 1160 acceleratur
1333 1109 1364 1161 et
1376 1111 1476 1163 'retar-

182 1202 284 1279 datur,
309 1212 356 1264 est
371 1222 516 1264 excessus
530 1199 679 1283 ponderis
694 1221 785 1284 aquae
799 1200 833 1261 in
847 1198 997 1263 alterutro
1012 1222 1103 1265 crure
1118 1222 1214 1284 supra
1226 1202 1352 1285 pondus
1373 1203 1407 1276 in
1428 1204 1474 1267 al·

180 1327 259 1390 tero,
276 1313 419 1399 ideoque,
444 1312 498 1376 ubi
513 1334 594 1397 aqua
607 1312 641 1373 in
656 1333 747 1376 crure
763 1310 796 1374 K
812 1310 996 1378 Lascendit
1010 1310 1053 1399 ed
1069 1311 1098 1375 Ε
1115 1312 1151 1389 F,
1174 1311 1253 1375 etin
1271 1335 1362 1379 crure
1374 1313 1474 1377 altero

173 2537 335 2616 descendit
349 2540 390 2604 ad
406 2536 438 2605 G
454 2537 502 2617 H,
529 2540 561 2626 (¹)
578 2542 623 2605 vis
639 2541 692 2605 illa
707 2551 753 2606 est
767 2544 892 2641 pondus
915 2542 1106 2627 duplicatum
1129 2534 1218 2628 aquae
1235 2542 1264 2607 Ε
1281 2543 1310 2607 Α
1330 2542 1358 2607 Β
1376 2542 1413 2619 F,
1438 2553 1471 2605 et

172 2656 339 2732 propterea
353 2662 401 2712 est
414 2649 454 2712 ad
469 2651 594 2743 pondus
609 2675 699 2736 aquae
714 2653 814 2716 totius
823 2666 859 2717 ut
874 2654 906 2717 A
918 2654 947 2716 E
962 2676 1016 2723 seu
1033 2654 1103 2729 PQ
1119 2652 1156 2738 (¹¹)
1174 2653 1214 2717 ad
1229 2654 1260 2717 V
1273 2654 1300 2717 P
1317 2674 1372 2716 seu
1384 2651 1411 2716 P
1428 2650 1469 2714 R.

173 2759 230 2822 Vis
253 2760 355 2838 etiam,
382 2761 442 2847 qui
464 2762 588 2846 pondus
613 2764 640 2827 P
661 2763 695 2826 in
717 2764 787 2828 loco
810 2765 918 2849 quovis
935 2764 1173 2840 Qacceleratur
1188 2777 1220 2829 et
1234 2763 1414 2828 retardatur
1436 2761 1470 2823 in

173 2866 313 2951 cycloide
331 2872 400 2951 (per
417 2867 526 2932 Corol.
544 2869 640 2953 Prop.
656 2869 728 2950 LI.)
745 2870 848 2933 estad
864 2872 929 2955 ejus
944 2872 1068 2954 pondus
1083 2882 1194 2948 totum,
1218 2883 1254 2934 ut
1269 2873 1335 2955 ejus
1351 2870 1470 2934 distan-

172 2974 215 3036 tia
231 2974 259 3036 P
275 2974 308 3049 Q
322 2997 341 3036 a
356 2974 425 3036 loco
440 2974 550 3037 infimo
566 2975 603 3052 P,
620 2976 661 3038 ad
675 2975 824 3061 cycloidis
839 2976 1066 3062 longitudinem
1084 2977 1168 3040 PR.
1215 2977 1324 3053 Quare
1335 2998 1425 3062 aquae
1437 2987 1469 3038 et

173 3083 314 3166 penduli,
339 3084 471 3168 aequalia
493 3085 592 3168 spatia
608 3085 693 3161 ΑἘ,
712 3086 740 3149 Ρ
756 3087 789 3162 Q
805 3085 1057 3162 describentium,
1083 3085 1163 3148 vires
1177 3085 1323 3148 motrices
1339 3096 1412 3147 sunt
1434 3095 1469 3147 ut
1551 3156 1553 3159 ¹

172 3193 312 3275 pondere
327 3194 499 3270 movenda3
516 3194 548 3279 (¹)
565 3195 708 3280 ideoque,
725 3197 751 3258 si
766 3219 846 3280 aqua
857 3206 888 3258 et
897 3175 1072 3279 pendulum
1084 3194 1116 3255 iu
1125 3193 1280 3277 principio
1291 3194 1466 3282 quiescunt,

173 3304 254 3366 vires
270 3303 333 3366 illae
348 3304 519 3367 movebunt
538 3304 648 3368 eadem
669 3305 830 3390 aequaliter
851 3303 1049 3387 temporibusv
1066 3302 1247 3388 aequalibus,
1273 3301 1468 3386 efficientque

172 3422 309 3473 utmotu
325 3411 487 3494 reciproco
502 3410 594 3474 simul
609 3423 726 3474 cantet
741 3392 880 3474 redeant.
927 3410 969 3486 Q.
986 3433 1013 3473 e.
1029 3409 1060 3472 d.
1460 3407 1463 3416 '

219 3517 319 3579 Corol.
339 3525 366 3578 1.
390 3517 492 3603 Igitur
507 3539 597 3603 aquae
611 3517 807 3581 ascendentis
823 3515 1096 3593 etdescendentis,
1120 3511 1183 3579 sive
1198 3511 1466 3590 motusintensior

171 3622 211 3684 sit
225 3622 289 3685 sive
303 3623 471 3700 remissior,
488 3623 570 3687 vices
588 3646 695 3687 omnes
711 3635 784 3686 sunt
797 3619 982 3686 isochronae.

216 3733 315 3796 Corol.
331 3741 362 3796 2.
385 3733 420 3797 si
434 3733 598 3820 longitudo
612 3755 702 3820 aquae
717 3730 812 3797 totius
827 3734 860 3796 in
876 3732 976 3796 canali
990 3733 1030 3796 sit
1044 3731 1162 3816 pedum
1185 3728 1398 3802 Parisiensum
1413 3732 1472 3812 δὲ..

203 3943 233 4007 (¹)
247 3948 259 3976 ⁴
278 3947 314 3992 Va
325 3948 365 3993 illa
376 3955 409 3994 est
416 3949 509 4007 pondus
519 3949 674 4008 duplicatum,
685 3946 728 3992 dte.
760 3941 806 3992 Est
837 3944 895 3993 etin
907 3942 1010 4008 cycloide
1021 3951 1143 4006 sequantur
1158 3937 1290 4010 respective.
1326 3943 1371 3990 Sed
1388 3941 1464 4000 obser-

170 4007 233 4053 enim
246 4008 280 4054 vis
291 4008 332 4055 illa
343 4008 435 4069 pondus
444 4019 493 4056 tam
504 4026 572 4074 aquoe
585 4010 608 4065 E
622 4011 645 4057 A
660 4010 682 4058 B
693 4010 721 4067 F,
733 4022 805 4072 qutun
837 4009 939 4056 vandum
951 4018 986 4055 est
996 4007 1139 4067 superficiem
1154 4007 1177 4053 A
1188 4008 1219 4062 Β,
1231 4022 1280 4054 esse
1288 4005 1366 4054 locum
1375 4007 1464 4070 aquili.-

174 4086 240 4132 aquae
252 4073 349 4134 aqualis
363 4074 382 4120 C
398 4075 420 4120 G
434 4074 461 4120 H
475 4075 507 4120 D.
836 4073 888 4130 brii,
902 4072 931 4118 ad
942 4087 1012 4134 quem
1023 4087 1077 4118 cum
1089 4086 1149 4132 aquo
1159 4071 1269 4131 pervenit,
1288 4070 1353 4117 nulli
1365 4068 1464 4131 amplius

204 4134 240 4197 (¹²)
252 4140 266 4166 ¹*
279 4139 319 4184 Ad
336 4139 357 4183 V
367 4141 389 4184 P
400 4154 440 4184 reu
453 4141 476 4184 P
486 4141 518 4184 R.
555 4136 716 4198 Semi-cyclois
733 4132 800 4193 PR,
834 4138 857 4182 vi
875 4135 1034 4182 acceleratrice
1052 4143 1155 4197 urgetur,
1176 4133 1216 4180 sed
1235 4134 1356 4181 velocitate
1371 4143 1463 4181 tentum

170 4199 266 4258 equalis
276 4209 311 4246 est
322 4199 463 4262 longitudini
475 4201 581 4260 penduli,
595 4204 648 4265 (per
661 4203 714 4249 Cor.
728 4201 798 4260 Prop.
833 4198 945 4262 acquisiti
962 4198 1059 4245 ulterius
1074 4197 1194 4245 descendit
1209 4197 1244 4244 vel
1261 4198 1378 4254 ascendit3
1395 4194 1483 4263 sicuti-z
1561 4196 1563 4204 '

171 4262 201 4308 L.
217 4263 269 4310 Lib.
286 4264 330 4324 L).
835 4280 920 4324 corpus
935 4262 1065 4322 pendulum
1079 4258 1168 4310 Pdum
1184 4263 1288 4321 pervenit
1298 4259 1322 4307 in
1334 4263 1411 4318 locur'n
1423 4273 1463 4326 cy·¹
1502 4311 1504 4316 ¹
1606 4286 1609 4292 -

158 4347 161 4352 ·
202 4326 232 4390 (¹)
245 4333 299 4374 318.
320 4328 334 4357 *
348 4328 558 4390 Idedque,siopua
572 4331 739 4390 etpendulam,
758 4330 800 4375 dic.
835 4327 1069 4376 eloidisinfimumP
1085 4325 1134 4372 soli
1150 4325 1270 4373 velocitate
1285 4324 1395 4387 acquisiti
1411 4324 1462 4370 nio·

170 4388 202 4436 Id
219 4391 420 4438 evidentissimum
436 4392 464 4438 fit
482 4391 502 4437 si
519 4393 611 4451 pondus
629 4394 650 4439 P
666 4392 737 4453 quod,
753 4408 804 4438 ma-
835 4401 908 4438 vetur.
943 4383 1022 4438 'Unde
1043 4405 1091 4451 quo
1115 4399 1218 4450 tempore
1241 4404 1301 4450 aqua
1321 4385 1461 4445 descensum
1558 4415 1560 4419 ,

168 4464 240 4500 nente
255 4454 408 4501 oscillatiouis
419 4455 490 4502 unius
500 4465 605 4515 tempore
615 4454 802 4516 potestadarbi·
836 4470 912 4502 unum
929 4453 1026 4501 absolvit
1035 4454 1060 4499 iu
1072 4469 1138 4500 crure
1149 4453 1259 4500 alterutro
1269 4451 1361 4507 canalis,
1378 4451 1461 4509 eodem
1498 4482 1500 4486 -
1538 4497 1541 4502 .

168 4517 240 4564 trium
263 4518 359 4574 assumi,
382 4519 487 4578 capiatur
508 4520 598 4580 aequale
619 4515 716 4579 ponderi
735 4534 802 4580 aquae
834 4524 938 4577 tempore
952 4517 1083 4577 pendulum
1094 4517 1259 4570 oscillationem
1275 4529 1347 4562 unam
1363 4529 1391 4562 ex
1409 4513 1460 4562 des-

169 4581 242 4628 totius
253 4581 278 4627 in
290 4583 381 4640 canali3
393 4581 444 4629 titur
456 4583 519 4630 enim
526 4587 586 4630 vires
596 4584 711 4640 motn'ces,
721 4599 803 4630 massae
834 4597 906 4629 censu
916 4591 941 4628 et
951 4596 1048 4628 ascensu
1058 4581 1209 4642 compositam
1220 4567 1316 4639 perlicit,
1333 4579 1391 4626 duas
1406 4577 1461 4627 vere
1524 4610 1526 4613 -

169 4645 299 4701 movendae,
306 4656 335 4710 ¹ct
345 4647 418 4705 spatia
428 4645 585 4702 describenda,
597 4642 800 4709 idedqueettem·
832 4645 986 4694 oscillationes
1002 4645 1099 4692 absolvit
1114 4643 1258 4691 intercedunt
1273 4643 1419 4707 aquaeloco
1437 4643 1459 4692 E

111 4737 116 4744 ·
165 4722 223 4768 pora
241 4708 326 4771 quibus
350 4710 423 4770 spatia
438 4709 480 4758 illa
497 4710 666 4766 describuntur,
683 4709 708 4757 in
724 4709 800 4758 canali
832 4709 1138 4776 descenditetadeundem
1148 4706 1215 4756 redit.
1256 4766 1259 4771 Ι
1309 4749 1313 4755 .
1392 4753 1394 4758 ,
1431 4746 1434 4752 .
