3434 5500
246 390 362 454 152¹
546 385 888 454 rfflnosornrn
909 361 1186 496 ,unsarans
1250 388 1363 470 [uos.
1381 389 1534 458 conos.
1640 439 1645 443 .

243 555 279 624 D
292 558 326 620 iu
340 556 523 622 medionon
537 557 703 621 resistente·
720 557 896 620 retardatur
910 557 943 620 in
966 557 995 622 E
1017 570 1064 622 est
1078 557 1157 652 utC
1174 557 1213 635 Ε,
1236 569 1268 622 et
1283 558 1328 621 vis
1343 557 1406 644 que
1421 581 1535 644 corpus

242 661 312 726 din
326 663 430 732 ntedio
443 663 606 730 resistente
627 663 803 729 retardatur
817 664 851 726 in
866 687 884 728 e
899 676 946 728 est
966 675 1002 729 ut
1023 687 1144 728 summa
1165 665 1211 730 vis
1228 663 1257 728 C
1271 687 1290 728 e
1304 677 1336 730 et
1350 666 1534 731 resistentiae

244 769 272 834 C
288 769 329 845 0,
345 770 378 833 id
393 781 490 833 estut
505 770 587 846 Oe3
609 769 744 856 ideoque
764 770 856 848 vires,
883 771 994 857 quibus
1015 793 1148 855 corpora
1168 771 1376 849 retardantur,
1403 784 1476 838 sunt
1496 785 1534 840 ut

241 878 375 941 arcubus
391 879 420 942 C
436 879 475 956 E,
494 879 555 944 Oe
569 878 818 964 proportionales
832 900 923 944 arcus
940 880 968 944 C
985 879 1023 956 B,
1048 879 1080 943 O
1099 879 1144 954 B;
1168 877 1363 964 proindeque
1385 879 1532 944 velocita-

240 996 297 1062 tes,
324 985 355 1048 in
379 984 450 1050 dati
472 985 525 1049 illa
547 987 667 1050 ratione
686 985 863 1064 retardatae,
890 1001 1018 1050 manent
1039 986 1072 1050 in
1090 984 1202 1050 eidem
1226 984 1280 1052 illa
1305 984 1378 1050 date
1400 988 1530 1052 ratione.

241 1091 428 1155 velocitates
441 1092 536 1179 igitur
551 1105 583 1157 et
596 1115 686 1158 arcus
700 1092 811 1157 iisdem
825 1073 973 1186 descripti
988 1111 1110 1176 semper
1125 1091 1253 1162 suntad
1267 1091 1399 1158 invicem
1411 1094 1447 1156 in
1457 1093 1531 1160 duta

240 1191 292 1260 ilbi
315 1200 435 1264 ratione
457 1210 587 1266 arcuum
613 1201 641 1266 C
659 1200 734 1278 Bet
749 1200 826 1266 OB
833 1225 843 1276 ;
867 1201 907 1285 (¹¹)
923 1213 955 1266 et
968 1215 1135 1286 propterea
1150 1201 1176 1263 si
1192 1211 1354 1264 sumantur
1368 1221 1458 1268 arcus
1470 1203 1530 1268 toti

193 1337 195 1340 ⁴
241 1308 272 1371 A
289 1307 327 1384 B,
343 1333 362 1371 a
380 1309 409 1374 B
430 1310 463 1373 in
480 1311 590 1378 eidem
613 1300 744 1390 ratione,
768 1333 900 1395 corpore
921 1311 967 1390 D,
993 1311 1016 1376 d
1038 1311 1130 1376 simul
1150 1311 1328 1378 describent
1349 1311 1406 1378 bos
1427 1331 1528 1391 amru,

232 2889 264 2941 et
291 2877 325 2940 in
353 2876 430 2940 locis
459 2878 491 2940 A
516 2887 548 2941 et
573 2899 593 2939 a
617 2887 739 2940 motum
768 2898 895 2941 omnem
925 2874 1018 2939 simul
1046 2876 1198 2943 amittent
1244 2880 1425 2949 Isochronae
1456 2901 1530 2955 sunt

230 2986 327 3072 igitur
351 2986 559 3051 oscillationes
581 2996 666 3065 totae,
690 2998 721 3051 et
742 2987 876 3051 arcubus
897 2986 970 3050 totis
994 2985 1079 3062 BA,
1105 2986 1167 3051 Ba
1180 2992 1432 3073 proportionales
1455 3010 1529 3063 sunt

231 3086 360 3157 arcrium
383 3106 487 3180 partes
509 3093 656 3181 quaelibet
672 3094 701 3158 B
716 3094 761 3171 D,
778 3092 808 3157 Β
822 3092 909 3179 dyel
926 3092 954 3157 B
971 3092 1010 3170 Ε,
1028 3092 1057 3159 Β
1072 3115 1090 3157 e
1105 3116 1176 3181 quae
1191 3096 1283 3163 simul
1298 3098 1527 3170 describuntur.

232 3204 275 3280 Q.
291 3228 318 3269 e.
334 3206 365 3269 d.

278 3315 378 3378 Corol.
422 3313 524 3401 Igitur
545 3324 648 3378 motus
673 3309 885 3375 velocissimus
907 3310 941 3373 in
962 3308 1068 3373 medio
1091 3310 1252 3377 resistente
1276 3337 1342 3379 non
1363 3316 1472 3385 incidit
1493 3322 1528 3386 in

230 3435 383 3507 punctum
404 3420 548 3485 infimum
572 3420 611 3497 Ο,
640 3420 681 3504 (¹)
697 3418 752 3483 sed
767 3417 922 3503 reperitur
937 3417 971 3479 in
985 3428 1103 3501 puncto
1117 3416 1173 3481 illo
1188 3418 1229 3497 Ο,
1254 3443 1317 3508 quo
1331 3446 1420 3489 arcus
1443 3440 1526 3492 totus

232 3532 405 3619 descriptus
431 3557 451 3596 a
473 3534 502 3598 B
526 3532 694 3595 bisecatur.
739 3525 783 3593 Et
808 3549 925 3613 corpus
950 3526 1084 3591 subinde
1106 3529 1269 3615 pergendo
1292 3532 1384 3611 ada,
1414 3536 1526 3603 iisdem

232 3641 382 3727 gradibus
406 3639 583 3704 retardatur
612 3634 725 3723 quibus
754 3651 846 3700 antea
875 3634 1107 3700 accelerabatur
1135 3635 1169 3698 in
1191 3634 1343 3703 descensu
1367 3664 1425 3708 suo
1450 3668 1469 3711 a
1495 3648 1525 3717 B
1545 3642 1562 3749 f*

233 3752 274 3815 ad
290 3753 332 3818 0.
370 3794 376 3800 ·

266 3990 301 4053 (ιι)
315 3992 327 4021 e
340 3992 374 4039 Ε,
388 4002 514 4053 propurga,
548 3990 574 4039 Si
592 3999 699 4037 sumetur
713 4004 781 4037 arcus
798 3988 822 4035 A
841 3987 862 4035 C
926 3985 963 4049 (¹)
977 3990 990 4018 *
1003 3990 1301 4051 Sedreperituriapuncto
1312 3993 1351 4039 silo
1365 3994 1391 4051 0,
1409 4012 1461 4057 quo,
1477 3992 1526 4045 &ci

233 4054 329 4117 aeqnslis
341 4054 362 4101 C
373 4055 403 4111 B,
414 4065 438 4103 et
447 4055 534 4104 deinde
545 4068 612 4103 arcus
621 4054 667 4103 aB
678 4053 795 4101 aduoum
804 4052 827 4099 A
839 4052 862 4099 B
896 4052 959 4099 Nam
970 4052 1029 4099 ratio
1040 4052 1188 4099 velocitalurn
1196 4052 1221 4099 in
1228 4054 1311 4101 mediis
1318 4056 1437 4105 resistente
1443 4068 1467 4107 et
1475 4075 1524 4108 non

231 4117 259 4165 in
272 4115 328 4165 datii
343 4118 433 4166 ratione
450 4121 474 4168 0
488 4120 551 4168 Bad
564 4120 585 4167 C
596 4120 635 4178 B;
653 4133 750 4179 corpora
769 4118 796 4165 D
806 4125 831 4164 et
845 4116 863 4164 d
893 4116 1013 4163 resistente
1030 4124 1065 4163 est
1081 4131 1172 4177 semper
1186 4116 1268 4164 eadem
1282 4119 1307 4165 in
1323 4122 1417 4180 punctis
1434 4138 1521 4173 coner·

232 4182 304 4229 sirnul
321 4181 451 4231 describent
466 4186 509 4231 hos
527 4199 601 4241 arctls,
619 4192 644 4230 et
660 4182 687 4229 in
702 4182 760 4229 locis
772 4182 794 4227 A
807 4189 831 4228 et
845 4197 861 4227 a
891 4178 1048 4241 pandentibus
1059 4188 1086 4227 ut
1097 4180 1146 4227 ind
1159 4190 1183 4227 et
1195 4181 1229 4239 D,
1246 4181 1271 4229 in
1285 4184 1343 4231 Oet
1355 4186 1383 4241 C,
1400 4185 1522 4247 ineetE;

230 4255 324 4294 motum
339 4261 434 4293 omnem
450 4248 522 4295 simul
538 4248 652 4295 amittent.
682 4246 747 4294 Nam
763 4260 818 4291 cum
829 4245 861 4292 sit
892 4243 1041 4304 sedoorporis
1056 4244 1082 4289 iu
1097 4244 1176 4291 medio
1194 4260 1242 4292 non
1262 4246 1379 4295 resistente
1398 4251 1523 4300 oscillantis

191 4377 193 4386 γ
231 4311 433 4424 κωὲρλᾚυὸῦ
445 4310 468 4357 Ε
480 4311 512 4423 ἰὰ
523 4312 547 4359 0
558 4328 573 4357 e
582 4322 620 4423 up:
622 4312 656 4423 (ἒ
656 4311 679 4358 Β
689 4309 720 4358 ad
732 4310 756 4357 0
769 4310 800 4367 Β,
806 4324 861 4420 23
892 4308 1000 4420 velppips
1010 4308 1193 4419 rpatrprrpateptiip
1204 4309 1256 4357 loco
1268 4310 1390 4423 infimobc,
1403 4322 1426 4362 et
1436 4310 1521 4363 lisdem
1547 4352 1550 4358 .

188 4500 191 4505 ι
230 4383 374 4497 fluct,
390 4373 859 4503 sel’qlolul'ffisoeffi‘lmz
891 4388 1395 4500 ttttbttt⁰tt3tfflt3⁸⁰q⁰tttltu?
1405 4389 1523 4490 ἰὲιζῗεὲῗζ

232 4489 294 4561 Οας
313 4513 337 4551 et
347 4503 402 4567 quia
411 4514 491 4551 motus
500 4503 525 4550 in
535 4503 615 4550 medio
624 4518 673 4549 non
683 4503 803 4549 resistente
818 4516 859 4548 ex·
891 4516 945 4547 mus
955 4502 981 4547 lu
991 4500 1069 4547 medio
1079 4500 1199 4549 resistente
1209 4503 1322 4563 reperitur
1329 4502 1353 4551 in
1364 4504 1395 4561 0,
1407 4514 1431 4553 et
1438 4506 1522 4555 iisdem

229 4567 347 4641 tlngnitur
356 4568 383 4614 in
396 4570 428 4625 A,
445 4571 476 4617 ob
494 4568 515 4615 C
528 4568 552 4615 A
562 4586 598 4613 =
611 4567 631 4615 C
644 4568 682 4626 B;
699 4567 724 4613 in
734 4565 814 4613 medio
824 4578 860 4612 re·
893 4564 977 4611 deinde
997 4564 1107 4628 gradibus
1125 4564 1253 4613 retardatur
1270 4567 1295 4613 in
1310 4582 1415 4629 ascensu,
1435 4572 1522 4635 qulbus

229 4638 324 4681 notente
334 4632 485 4695 extinguetur
495 4647 589 4695 quoque
603 4631 633 4677 in
644 4647 666 4685 a,
683 4629 786 4692 eoquod
796 4628 859 4677 velo-
893 4638 947 4677 ante
957 4630 1127 4679 accelerabatur
1138 4630 1163 4677 in
1174 4629 1293 4678 descensu.

229 4692 560 4755 citatesinlocisE,eetA,
577 4693 856 4746 adntindatdratione.
