3434 5500
169 390 1127 492 mercsware]'PRINCIPIAMATHEMAT10A.
1223 415 1231 429 ·
1389 415 1454 476 rar·

167 535 218 643 vel
235 587 275 643 10
290 578 331 642 ad
348 590 362 644 l
380 579 510 644 circiter.
558 579 621 645 Sed
631 580 850 664 experimento
864 581 962 665 priori
982 583 1081 666 magis
1095 580 1257 645 fidendum
1278 591 1333 657 est,
1343 602 1449 665 prop·

168 698 254 751 terea
269 689 356 774 quod
369 689 403 752 in
416 688 465 751 his
480 687 595 751 ultimis
609 709 663 751 vas
677 688 948 775 nimisangnstum
969 689 1028 754 furt
1049 710 1110 774 pro
1126 688 1343 776 'magnitudine
1363 689 1449 775 globi

166 793 315 872 immersi.
358 793 517 877 Ampliato
541 794 645 880 globo,
672 793 800 858 deberet
823 795 916 858 etiam
939 818 993 859 vas
1022 796 1173 879 ampliari.
1218 795 1449 858 Constitueram
1531 846 1535 854 .
1595 782 1605 810 κ’

166 901 294 985 quidem
317 899 496 985 hujusmodi
519 899 730 983 experimenta
749 901 783 962 in
801 901 883 963 vasis
902 901 1070 986 majoribus
1085 902 1165 965 etin
1182 901 1448 986 liquoribusturn

165 1006 362 1070 metallorum
376 1004 525 1082 lusorum,
548 1017 614 1068 tum
630 1005 696 1068 aliis
710 1006 896 1106 quibusdam
909 1019 974 1070 tam
988 1008 1095 1071 calidis
1110 991 1204 1093 quam
1217 1007 1338 1094 frigidis
1357 1030 1448 1091 repe·

165 1124 249 1177 tere:
266 1113 321 1176 sed
334 1113 438 1198 qmnia
452 1112 587 1196 experiri
603 1134 667 1176 non
682 1123 779 1190 vacat,
796 1123 828 1177 et
842 1135 882 1176 ex
892 1114 958 1198 jam
972 1113 1133 1196 descriptis
1149 1113 1222 1177 satis
1236 1113 1333 1197 liquet
1354 1113 1447 1176 resis-

165 1224 295 1289 tentiam
309 1245 474 1308 corporum
488 1222 628 1288 celeriter
642 1233 797 1286 motorum
812 1223 957 1287 densrtati
969 1223 1137 1286 fluidorum
1151 1221 1305 1307 inquibus
1314 1242 1445 1284 moven-

165 1344 217 1397 tur
232 1331 496 1417 proportionalem
511 1355 577 1396 esse
592 1330 851 1417 quamproxime.
890 1333 966 1397 Non
980 1331 1052 1394 dico
1067 1331 1220 1399 accurate.
1257 1330 1341 1396 Nam
1350 1331 1448 1401 fluida

141 1453 148 1458 ’
165 1443 332 1518 tenaciora,
348 1442 418 1525 pari
432 1442 593 1518 densitate,
609 1440 815 1525 proculdubio
829 1442 927 1528 magis
943 1441 1091 1505 resistunt
1104 1441 1198 1528 quam
1211 1440 1387 1526 liquidiora,
1409 1449 1448 1503 nt

165 1551 270 1614 oleum
283 1550 431 1637 frigidum
452 1572 544 1635 quarn
559 1550 703 1626 calidum,
730 1549 865 1613 calidum
880 1548 974 1635 quim
986 1573 1067 1637 aqua
1080 1551 1232 1635 pluvialis,
1249 1573 1340 1636 ¹aqua
1353 1545 1448 1635 quim

166 1658 289 1741 spiritus
304 1657 377 1720 vini.
422 1655 540 1720 Verum
553 1657 587 1718 in
601 1655 782 1742 liquoribus
806 1656 858 1741 qui
874 1655 915 1718 ad
934 1678 1059 1721 sensum
1074 1657 1146 1737 satis
1160 1657 1250 1720 fluidi
1264 1667 1400 1733 suntfut
1412 1657 1447 1719 in

165 1767 245 1840 aire,
261 1761 388 1852 inaqud
404 1785 458 1826 seu
473 1763 556 1826 dulci
570 1785 625 1828 seu
639 1762 728 1840 salsi,
744 1763 777 1826 in
792 1761 948 1846 spiritibus
963 1763 1035 1840 vini,
1052 1763 1218 1827 terebinthi
1231 1774 1263 1826 et
1276 1763 1397 1840 salium,
1412 1763 1447 1825 in
1544 1814 1549 1819 .

165 1873 234 1935 oleo
248 1897 268 1936 a
281 1872 409 1936 faecibus
430 1894 487 1955 per
509 1871 741 1936 distillationem
754 1871 887 1936 liberato
900 1885 933 1935 et
946 1873 1103 1949 calefacto,
1115 1872 1259 1958 oleoque
1279 1872 1395 1936 vitrioli
1415 1883 1448 1934 et

164 1985 327 2061 mercurio,
350 2006 387 2047 ac
401 1983 533 2048 metallis
547 1983 728 2069 liquefactis,
745 1995 777 2048 et
791 1983 818 2046 si
833 1983 886 2068 qui
901 1983 963 2047 sint
977 1983 1039 2058 alii,
1061 1983 1116 2068 qui
1129 1996 1194 2046 tam
1206 1981 1297 2051 fluidi
1316 1993 1390 2046 sunt
1410 1992 1447 2044 ut

164 2094 196 2156 in
210 2093 290 2157 vasis
305 2093 412 2180 agitati
425 2104 545 2156 motum
559 2093 744 2176 impressum
763 2091 879 2155 diutius
902 2103 1093 2166 conservent,
1118 2090 1269 2174 effusique
1286 2086 1454 2152 liberrime.

163 2201 196 2262 in
219 2212 322 2288 guttas
344 2199 538 2264 decurrendo
558 2201 761 2276 resolvantm·,
788 2198 892 2262 'nullus
915 2198 1024 2262 dubito
1044 2198 1121 2283 quin
1142 2197 1250 2284 regula
1264 2197 1358 2260 allata
1371 2197 1446 2261 satis
1505 2207 1509 2212 '

147 2311 308 2377 accurate
326 2312 481 2376 obtineat:
511 2311 682 2396 praesertim
704 2312 731 2374 si
752 2309 965 2393 experimenta
978 2309 1020 2370 in
1039 2308 1222 2390 corporibus
1246 2306 1393 2390 pendulis
1414 2318 1447 2370 et

164 2422 331 2506 majoribus
347 2435 377 2486 et
387 2421 523 2485 velocius
537 2421 628 2484 motis
642 2420 850 2484 instituantur.
928 2408 932 2413 ⁸

205 2528 352 2612 Denique
367 2523 438 2590 crim
452 2527 672 2590 nonnullorum
686 2527 793 2610 opinio
811 2526 858 2602 sit,
885 2525 1023 2589 medinm
1048 2524 1205 2610 quoddam
1220 2524 1390 2590 ethereum
1413 2537 1445 2588 et

157 2636 255 2723 longe
266 2636 498 2700 subtilissimum
508 2647 623 2714 extare,
639 2636 723 2721 quod
733 2657 840 2699 omnes
852 2637 990 2699 omnium
1002 2656 1168 2718 corporum
1176 2657 1271 2720 poros
1282 2648 1314 2699 et
1323 2645 1443 2699 meatus

164 2740 319 2807 liberrime
341 2755 497 2827 permeet3
524 2766 543 2805 a
557 2742 611 2807 tali
625 2754 731 2805 autem
744 2741 847 2807 medio
862 2765 919 2827 per
933 2764 1101 2827 corporum
1113 2766 1208 2827 poros
1222 2743 1339 2807 fluente
1353 2741 1451 2805 rosis·-

163 2852 258 2915 tentia
272 2850 348 2915 oriri
362 2851 488 2915 debeat:
511 2864 547 2915 ut
567 2863 719 2915 tentarem
733 2872 773 2914 an
787 2845 970 2927 resistentia,
992 2841 1087 2936 quam
1099 2852 1134 2915 in
1147 2854 1239 2915 motis
1261 2852 1444 2936 corporibus

164 2960 351 3043 experimur,
375 2971 438 3021 tota
454 2959 494 3022 sit
508 2959 541 3021 in
556 2981 664 3022 eorum
678 2957 808 3022 externi
823 2958 996 3041 superficie,
1019 2980 1059 3021 an
1073 2944 1152 3023 vero·
1160 2971 1265 3053 partes
1281 2960 1377 3043 ctiam,
1394 2960 1443 3021 in-

162 3080 260 3133 ternae
274 3069 307 3132 in
322 3067 542 3151 superficiebus
556 3068 690 3152 propriis
705 3066 910 3131 resistentiam
924 3066 1093 3150 nptabilem
1107 3069 1250 3143 sentiant,
1267 3066 1444 3150 excogitavi

163 3174 415 3267 experimentum¹
424 3173 494 3237 tale.
540 3172 610 3236 Filo
630 3173 745 3257 pedum
767 3172 911 3237 undecim
925 3171 1127 3258 longitudinis
1142 3161 1182 3235 ab
1197 3195 1279 3236 unco
1293 3172 1444 3257 chalybeo

163 3284 235 3348 satis
250 3268 352 3360 firmo,
374 3283 531 3347 mediante
546 3281 662 3345 annulo
676 3282 835 3367 chalybeo,
859 3278 1085 3364 suspendebam
1105 3281 1255 3365 pyxidem
1278 3279 1443 3367 abiegnam
1480 3285 1483 3290 '

161 3390 339 3467 rotundam,
364 3389 405 3453 ad
426 3389 675 3453 constituendum
697 3388 870 3472 pendtdum
894 3386 1096 3473 longitudinis
1115 3387 1284 3471 praedictae.
1330 3388 1442 3452 Uncus

163 3518 286 3559 sursum
299 3508 475 3579 praeacutus
490 3506 556 3559 erat
570 3496 635 3558 acie
650 3494 795 3571 concavi,
821 3506 857 3559 ut
871 3493 1003 3557 annulus
1023 3516 1098 3557 arcu
1117 3517 1174 3557 suo
1192 3496 1351 3579 superiore
1365 3494 1443 3557 aciei

161 3602 295 3667 annixus
309 3600 465 3665 liberrime
478 3614 662 3666 moveretur.
706 3600 805 3665 Arcui
819 3612 923 3665 autem
942 3599 1081 3664 inferiori
1092 3604 1322 3695 ‘annectebatur
1343 3604 1442 3667 filum.

163 3708 341 3773 Pendulum
355 3710 398 3773 ita
411 3708 614 3773 constitutum
629 3707 821 3775 deducebam
835 3730 855 3771 a
867 3708 1091 3793 perpendiculo
1107 3709 1148 3772 ad
1162 3690 1340 3775 distantiam
1354 3713 1443 3799 quasi

160 3824 278 3907 pedum
293 3846 360 3901 sex,
386 3823 479 3909 idque
494 3824 664 3887 secundum
677 3824 805 3907 planum
820 3824 897 3887 aciei
911 3824 984 3887 unci
997 3822 1266 3908 perpendiculare,
1288 3842 1330 3883 ne
1343 3828 1443 3883 annu:
1506 3900 1509 3905 Ι

162 3927 223 4005 lus,
246 3929 406 3993 oscillante
415 3929 563 4021 pendulq,
580 3952 675 4013 supra
690 3930 787 3993 aciem
801 3930 875 3993 unci
889 3929 972 3993 tdtro
986 3930 1127 4014 m‘troque
1147 3928 1314 3991 laberetur.
1359 3926 1444 3990 Nam

68 4029 85 4058 s
161 4046 312 4117 punctum
327 4034 545 4118 suspensionis,
560 4035 594 4097 in
608 4058 671 4120 quo
685 4036 816 4098 annulus
827 4056 943 4098 uncum
954 4035 1062 4122 tangit,
1077 4035 1240 4097 immotum
1251 4054 1378 4116 manere
1389 4032 1443 4095 de-

162 4142 224 4206 bet.
257 4143 379 4205 Locum
387 4142 482 4229 igitur
493 4142 635 4207 accurate
643 4144 799 4221 notabam,
815 4144 856 4208 ad
871 4166 964 4229 quern
973 4143 1164 4207 deduxeram
1172 4142 1354 4225 pendulum,
1371 4141 1443 4204 dein

163 4247 300 4331 pendulo
320 4248 455 4311 demisso
477 4250 624 4313 notabam
639 4250 698 4313 alia
712 4252 771 4314 tria
785 4250 854 4313 loca
868 4250 909 4313 ad
924 4272 995 4335 quae
1008 4249 1131 4313 redibat
1144 4248 1178 4311 in
1193 4249 1257 4312 fine
1279 4246 1444 4311 oscillatio-

163 4357 209 4421 nis
224 4358 344 4442 primae,
361 4356 505 4420 secundae
520 4380 556 4420 ac
570 4358 681 4421 tertiae.
729 4358 804 4421 Hoc
818 4357 997 4441 repetebam
1011 4358 1135 4440 saepius,
1150 4368 1187 4419 ut
1200 4356 1270 4418 loca
1282 4355 1336 4416 illa
1349 4374 1443 4437 quam

162 4463 249 4545 potui
273 4462 501 4526 accuratissimi
523 4464 702 4527 invenirem.
725 4514 728 4520 .
748 4465 833 4528 Tum
857 4464 1006 4549 pyxidem
1030 4463 1163 4547 plumbo
1186 4474 1218 4525 et
1239 4459 1441 4546 gravioribus,

163 4591 232 4652 quae
247 4570 287 4633 ad
301 4593 412 4633 manus
427 4584 524 4647 erant,
540 4572 672 4636 metallis
687 4572 864 4656 implebam.
897 4572 960 4635 Sed
968 4572 1054 4655 prius
1068 4568 1281 4655 ponderabam
1294 4564 1444 4650 pyxidem

163 4696 300 4770 vacuam,
326 4675 388 4739 und
407 4700 478 4741 cum
495 4690 582 4761 parte
605 4678 650 4743 fili
673 4702 742 4765 quae
769 4681 884 4743 circum
905 4680 1053 4765 pyxidem
1070 4677 1250 4743 volvebatur
1264 4696 1301 4737 ac
1316 4673 1444 4737 dimidio
