3434 5500
236 417 297 477 rot
508 416 512 424 '
558 409 900 478 PHILOSOPHIAE
924 409 1221 518 ltJATURALlS'
1251 408 1361 490 [Mor.
1381 407 1536 474 Consors.

419 633 705 794 rnorosrrio
729 685 880 750 xxvu.
915 669 1200 750 'renonent
1226 683 1345 749 xxu.

158 915 165 922 .
235 862 272 928 Si
294 862 469 943 corporibus
479 861 702 944 frtnependniis
722 844 875 923 resistitur
890 861 924 922 in
939 856 1095 940 dnpticotci
1116 859 1235 922 ratione
1249 860 1444 936 velocitatem,
1469 863 1532 952 dff-

266 969 416 1052 ferentiee
437 970 518 1030 inter
532 977 673 1059 temporo!
683 969 902 1031 oscillationem
918 969 951 1030 in
966 967 1062 1029 medio
1076 969 1233 1030 resistente
1247 989 1284 1029 oc
1297 979 1430 1049 ternpore
1445 971 1533 1032 oscil-

279 1082 425 1143 lationem
436 1056 470 1142 in
480 1079 606 1162 ffndem
617 1075 937 1163 gravitatisspecisscoe
947 1079 1116 1140 medionon
1126 1079 1291 1153 resistente,
1308 1087 1395 1140 nunt
1405 1078 1532 1142 arcubus

279 1185 443 1249 osciliondo
456 1187 614 1268 descriptis
621 1187 867 1267 proportionales
882 1205 970 1268 qrtorn
979 1177 1130 1267 proniori.

281 1358 320 1441 (⁸)
343 1357 427 1420 Nam
450 1353 595 1440 pendulis
620 1358 791 1444 aequalibus
816 1359 850 1421 iu
874 1357 979 1422 medio
1008 1353 1171 1422 resistente
1197 1357 1414 1422 describantur
1439 1379 1530 1420 arcus

236 1465 405 1550 inequales
421 1464 462 1541 A,
480 1465 526 1541 B3
551 1476 583 1529 et
605 1465 780 1530 resistentia
800 1465 941 1550 corporis
961 1465 995 1528 in
1017 1486 1091 1528 arcu
1114 1465 1155 1542 A,
1180 1464 1238 1529 erit
1259 1465 1300 1528 ed
1325 1465 1531 1529 resistentiam

271 1661 308 1726 (¹)
321 1663 335 1694 '
348 1666 416 1712 Nam
430 1664 539 1726 pendulis
547 1666 677 1726 rimetur
686 1664 713 1713 in
720 1665 793 1714 nudo
803 1665 869 1714 retir-
901 1664 943 1727 qui
953 1678 1010 1727 ergo
1020 1662 1148 1727 aequah'bus
1158 1663 1302 1724 temporibus
1312 1661 1476 1716 describentur,
1487 1663 1529 1708 sad

237 1734 297 1774 unte
306 1729 465 1777 &imiam-
474 1745 546 1778 arcus
555 1731 678 1792 maepuales
696 1731 720 1777 A
730 1739 752 1777 et
763 1733 794 1783 Β,
814 1732 827 1760 ⁸
839 1728 870 1776 ad
901 1737 1052 1796 tempusque
1062 1728 1199 1776 describiutr
1209 1727 1303 1774 arculus
1313 1735 1370 1775 aest
1379 1728 1401 1774 T
1410 1727 1445 1790 ψ
1451 1742 1465 1771 ¹
1474 1742 1531 1788 ergo

238 1789 368 1848 pleniorem
393 1792 465 1855 hujus
488 1792 690 1840 demmsuationis
716 1792 865 1850 evidentiam,
898 1787 1530 1852 siresistentiainercuB,sivebsitm'ABide6que
1611 1805 1613 1810 ·

236 1852 866 1919 fingmniltosmusinmedempanesquammiui-
898 1855 1007 1904 velocitas
1017 1855 1184 1904 sith-m
1198 1858 1219 1902 A
1234 1857 1256 1904 Β
1273 1865 1366 1916 tempus
1381 1869 1428 1917 quo
1443 1854 1529 1901 descri-

236 1930 286 1964 mas
296 1917 357 1965 inter
366 1935 392 1967 se
402 1920 503 1982 quales
512 1920 592 1978 dividi,
609 1919 709 1983 singule
724 1920 750 1966 in
765 1929 866 1983 utroque
900 1919 970 1968 betur
979 1921 1073 1967 arcusb
1084 1920 1128 1966 erit
1138 1919 1208 1966 etiam
1221 1920 1243 1966 T
1255 1920 1287 1984 4-
1301 1935 1324 1966 r.
1519 1967 1522 1972 ,

236 1993 292 2028 arcu
309 1991 379 2030 erunt
397 1984 452 2031 ton's
470 1987 570 2032 armrbus
587 1983 769 2044 proportionales
784 1984 864 2031 dican-
931 1983 995 2032 Cum
1011 1991 1090 2031 autem
1106 1983 1184 2048 reveri
1200 1983 1330 2030 resistentia
1348 1982 1416 2030 initio
1431 1985 1530 2030 arcusb

236 2047 413 2106 turqueaetb,
431 2047 452 2093 si
467 2047 811 2094 mediumautnonresisteret
826 2056 868 2096 aut
900 2061 948 2094 non
967 2047 1039 2094 sitm
1053 2047 1112 2096 AB
1131 2047 1173 2094 sed
1192 2063 1216 2094 m
1230 2048 1252 2095 Β
1266 2048 1296 2104 Β,
1316 2047 1335 2094 si
1351 2047 1408 2108 ysit
1423 2061 1531 2093 excessus

237 2108 353 2156 resisteret
361 2110 387 2155 iu
395 2110 484 2157 ratione
491 2110 650 2167 velocitatum,
660 2111 792 2158 velocitates
799 2111 868 2158 initio
899 2110 1041 2171 tempusculi
1057 2111 1082 2157 in
1097 2127 1145 2173 quo
1155 2114 1171 2159 b
1182 2111 1320 2159 describitur
1329 2111 1354 2156 in
1366 2109 1445 2156 modio
1460 2110 1528 2156 resis-

235 2172 402 2231 particularum
418 2175 553 2235 quorumvis
567 2175 798 2236 conespoudentiura
814 2191 829 2222 a
843 2184 868 2223 et
900 2183 964 2222 tente
980 2175 1049 2237 juxta
1058 2175 1170 2237 quadrata
1186 2175 1334 2222 velocitaturn
1351 2189 1421 2234 supra
1436 2182 1530 2233 tempus

235 2236 259 2290 b,
277 2235 354 2283 forent
364 2246 392 2283 ut
402 2251 470 2284 arcus
479 2238 524 2298 ipsi
537 2238 560 2285 A
569 2247 594 2284 et
606 2238 643 2295 B;
659 2248 684 2285 at
694 2237 719 2284 in
735 2237 814 2285 medio
829 2254 866 2286 ra·
889 2243 947 2300 'quo
957 2238 1021 2286 idem
1031 2253 1098 2286 arcus
1109 2239 1134 2285 in
1145 2239 1224 2286 medio
1234 2253 1281 2286 non
1298 2238 1418 2286 resistente
1432 2252 1529 2298 percur-

236 2298 331 2345 sistente
340 2298 367 2345 iu
377 2301 465 2348 radone
476 2299 595 2362 duplicati
605 2301 732 2350 velocitatis
747 2302 819 2364 paulo
829 2300 865 2350 di·
899 2302 965 2360 ritur,
985 2301 1029 2348 erit
1047 2311 1139 2363 tempus
1159 2303 1182 2350 T
1193 2303 1226 2367 -Ι-
1238 2317 1254 2348 x
1272 2304 1302 2349 ad
1321 2312 1413 2361 tempus
1432 2302 1455 2348 T
1464 2301 1497 2365 -Ι-
1513 2318 1531 2364 y

235 2376 301 2409 versa
311 2364 355 2411 erit
364 2365 415 2412 hec
423 2365 571 2413 velocitatum
582 2366 649 2424 ratio,
661 2366 702 2414 sed
712 2375 805 2426 propter
814 2367 865 2414 exi-
899 2366 1014 2426 reciproce
1024 2365 1084 2414 sicut
1094 2366 1203 2414 velocitas
1213 2383 1227 2412 v
1239 2367 1261 2414 Β
1272 2393 1305 2406 -
1314 2381 1340 2413 m
1351 2368 1372 2413 A
1384 2367 1465 2426 Bquar
1471 2380 1528 2426 sup-

235 2441 309 2488 guam
315 2428 429 2476 udonem
435 2429 570 2478 resistentie
579 2431 609 2478 ad
617 2430 769 2488 velocitatem,
776 2430 866 2494 negligi
899 2433 1035 2491 ponebatur,
1052 2429 1082 2476 ud
1093 2430 1236 2478 velocitatem
1248 2447 1263 2476 v
1275 2431 1297 2478 Β
1309 2457 1340 2467 -
1352 2445 1376 2476 m
1391 2431 1412 2476 B
1426 2429 1456 2486 B,
1472 2430 1528 2476 erit·

236 2492 529 2552 poterithrecdifferentia,
546 2495 767 2555 etsupponipotest
781 2495 866 2544 vebci-
899 2509 946 2556 que
961 2493 1015 2542 idos
1029 2509 1043 2540 v
1057 2493 1532 2542 n-mneauve-mAB:

235 2563 295 2602 tates
304 2570 400 2603 manue
410 2557 435 2603 in
445 2559 535 2606 ratione
545 2573 643 2606 menum
659 2573 731 2621 quam
745 2557 866 2619 proxime3
901 2557 924 2604 T
935 2559 968 2622 -l-
979 2573 1003 2615 x,
1015 2557 1046 2604 ad
1058 2555 1081 2605 T
1091 2558 1124 2622 -Ι-
1134 2574 1157 2619 y,
1174 2573 1229 2606 cum
1241 2568 1297 2620 ergo
1319 2556 1442 2606 subtractio
1452 2571 1528 2618 quau·

235 2619 299 2680 quod
317 2619 337 2666 si
355 2620 389 2667 ita
409 2632 555 2682 supponetur
572 2625 700 2671 retentio
719 2625 819 2684 corporis
839 2626 867 2672 in
899 2621 993 2670 titatum
1004 2637 1029 2668 m
1043 2622 1109 2680 ΒΒ,
1126 2637 1151 2668 m
1165 2624 1187 2669 A
1201 2622 1222 2668 Β
1239 2637 1267 2669 ex
1279 2622 1399 2669 velocitate
1413 2635 1428 2666 v
1440 2621 1462 2667 B
1473 2636 1527 2682 pro-

235 2683 317 2744 quovis
323 2693 413 2744 puncto
419 2701 489 2733 urmes
498 2688 522 2732 A
529 2688 572 2733 erit
581 2689 613 2734 od
623 2688 776 2733 resistentiam
787 2703 867 2749 como·
899 2685 971 2732 ducat
987 2700 1094 2732 excessus
1110 2701 1125 2731 x
1136 2695 1160 2732 et
1170 2701 1185 2749 y
1201 2701 1271 2745 supra
1286 2697 1378 2744 tempus
1390 2686 1419 2741 T,
1436 2694 1528 2744 oportet

235 2751 868 2874 totttttt‘ttttt‘ttfflttttt
900 2750 1527 2877 imiaeuiiffimmssdis‘ii„iiiiii}

235 2889 318 2921 eorum
328 2890 435 2933 usuum,
454 2876 480 2923 id
495 2887 530 2924 est
546 2886 574 2924 ut
589 2882 704 2941 quadratu
714 2882 816 2941 ipsorum
827 2898 866 2927 ar.
901 2879 925 2925 A
937 2878 967 2925 ad
980 2879 1010 2933 B,
1022 2892 1079 2940 ergo
1091 2880 1114 2925 A
1123 2888 1157 2926 est
1167 2879 1197 2927 ad
1211 2880 1240 2936 B,
1252 2879 1312 2925 sicin
1322 2895 1337 2925 1
1345 2887 1380 2925 est
1390 2877 1419 2925 ad
1426 2893 1448 2938 y,
1460 2875 1526 2925 idetis

235 2954 309 2987 cunm
320 2942 344 2987 A
355 2942 379 2987 A
389 2949 410 2988 et
422 2945 446 2989 B
457 2944 481 2989 B
491 2958 563 3005 qaam
575 2942 685 3005 proainm
722 2943 867 3006 Designetur
899 2958 946 3005 que
956 2958 1063 2991 excessus
1073 2958 1088 2988 x
1100 2946 1210 3003 temporis
1220 2958 1287 2990 arcus
1302 2946 1322 2989 A
1335 2943 1360 2989 in
1372 2942 1448 2989 medio
1458 2942 1525 2988 resis-

235 3016 290 3049 vero
306 3003 416 3051 velocitas
434 3004 502 3052 initio
518 3021 586 3053 arcus
600 3022 615 3053 a
630 3022 672 3067 per
683 3022 696 3052 v
709 3006 742 3065 A,
759 3016 782 3053 et
798 3007 865 3055 initio
898 3014 962 3054 tente
972 3008 998 3052 in
1009 3004 1128 3066 duplicatis
1143 3006 1232 3054 ratione
1248 3007 1374 3055 velocitatis
1384 3020 1453 3065 supra
1464 3016 1525 3051 tem-

234 3081 303 3113 arcua
318 3070 408 3127 bperv
420 3069 450 3116 B.
487 3070 632 3133 Desiguetur
650 3086 719 3131 porro
737 3070 865 3121 resistentia
898 3086 944 3131 pus
959 3071 984 3117 in
1000 3070 1083 3118 eodem
1100 3086 1156 3118 arcu
1169 3076 1192 3117 A
1204 3071 1229 3116 in
1239 3071 1318 3118 medio
1333 3086 1381 3117 non
1398 3070 1524 3128 resistente,

235 3129 303 3177 initio
321 3146 415 3180 arcusa
429 3149 472 3194 per
486 3149 511 3181 m
525 3138 547 3182 A
562 3135 595 3191 A,
615 3143 639 3182 et
653 3135 781 3182 resistentia
797 3134 865 3184 initio
898 3135 972 3183 estad
983 3150 1103 3183 excessum
1118 3150 1135 3196 y
1150 3135 1260 3196 temporis
1278 3150 1345 3182 orcus
1363 3136 1386 3181 B
1401 3134 1426 3179 in
1442 3132 1525 3180 eodem

235 3208 303 3242 arcus
321 3198 337 3244 b
356 3212 397 3256 per
411 3213 437 3243 m
449 3199 471 3246 Β
485 3183 522 3256 Β;
542 3198 568 3245 in
583 3198 662 3246 medio
679 3214 728 3246 non
746 3199 866 3247 resistente
898 3198 977 3247 medio
992 3214 1062 3260 supra
1077 3207 1170 3260 tempus
1180 3201 1205 3246 in
1216 3199 1298 3247 eodem
1309 3214 1364 3246 arcu
1379 3200 1402 3245 Β
1411 3199 1436 3244 in
1446 3198 1526 3245 medio

234 3260 381 3319 tempuscula
401 3262 488 3324 quibus
508 3262 527 3310 si
578 3263 608 3309 lte
629 3262 749 3323 particule
768 3279 783 3311 a
803 3274 827 3311 et
848 3266 864 3312 b
898 3264 1082 3316 nonresistente.
1095 3274 1199 3311 utarcus
1213 3264 1368 3310 Aadarcum
1382 3264 1411 3319 Β,
1423 3277 1524 3323 cumque

234 3320 394 3372 describentur
403 3335 473 3373 eruut
483 3342 535 3389 sequ
561 3328 567 3338 '
603 3330 656 3392 (per
667 3327 738 3387 Prop.
753 3327 791 3375 11.
806 3328 860 3375 Βῆ).
897 3326 960 3374 idem
981 3328 1128 3375 ratiocinium
1149 3328 1175 3374 in
1196 3328 1305 3375 omnibus
1323 3329 1424 3373 arcubus
1441 3340 1524 3388 quam-

235 3385 273 3447 1.)
285 3387 437 3452 designentur
446 3388 502 3437 verri
511 3406 553 3451 per
564 3393 602 3448 T;
619 3406 675 3438 cum
685 3406 742 3454 ergo
751 3392 778 3438 in
785 3392 864 3440 medio
896 3391 1000 3439 minimis
1010 3408 1025 3439 a
1035 3401 1058 3439 et
1068 3394 1083 3440 b
1093 3391 1195 3439 instituti
1205 3392 1283 3452 possit,
1301 3406 1400 3438 summae
1416 3390 1524 3437 omniurn

233 3452 453 3513 resistentepropter
460 3454 605 3502 velocitatem
611 3454 761 3502 imminutam
769 3454 863 3519 longius
897 3468 1034 3503 excessuum
1051 3456 1250 3516 tempusculorum
1268 3455 1293 3501 in
1310 3470 1364 3503 arcu
1385 3457 1416 3511 A,
1435 3453 1478 3501 erit
1494 3453 1524 3500 ad

234 3513 277 3563 fiat
286 3527 379 3578 tempus
389 3518 414 3564 in
425 3516 518 3565 inversis
533 3519 622 3565 ratione
638 3519 788 3566 velocitatum
802 3530 831 3567 nt
845 3536 863 3568 x
896 3534 1014 3566 summam
1024 3520 1131 3567 omnium
1142 3520 1278 3567 excessuum
1289 3519 1487 3579 tempusculomm
1498 3518 1524 3563 in

234 3593 342 3628 eremus
356 3580 396 3628 ille
411 3582 552 3641 tempusculi
567 3598 615 3645 quo
625 3598 692 3630 arcus
702 3599 717 3629 a
727 3582 864 3631 describitur
896 3598 953 3631 arcu
965 3586 987 3631 Β
999 3595 1027 3632 ut
1039 3586 1062 3631 A
1073 3584 1105 3632 ad
1114 3586 1144 3631 Β.
1178 3585 1210 3640 Q,
1224 3600 1244 3631 e.
1258 3582 1281 3631 d.

233 3641 260 3689 in
266 3646 349 3692 medio
358 3645 478 3693 resistente
486 3661 556 3706 supra
563 3646 736 3706 tempusculum
744 3663 792 3709 quo
799 3647 864 3695 idem
930 3651 943 3679 ⁸
958 3649 1031 3704 Quod
1039 3663 1146 3698 excessus
1153 3662 1168 3694 1
1177 3659 1200 3695 et
1207 3665 1223 3710 y
1229 3649 1428 3709 tempusculorum
1439 3648 1525 3711 quibus

234 3720 302 3754 arcus
313 3708 338 3755 in
348 3709 427 3756 medio
437 3724 486 3755 non
501 3710 620 3758 resistente
635 3711 778 3770 percurritur
792 3713 862 3759 habe·
896 3710 1059 3760 describuntur
1075 3728 1143 3759 arcus
1158 3728 1172 3759 a
1188 3723 1212 3760 et
1228 3715 1249 3767 b,
1269 3711 1295 3758 in
1311 3712 1390 3759 medio
1404 3712 1525 3759 resistente

234 3769 343 3834 biturque
349 3788 379 3819 ex
386 3772 573 3834 hypothesibusv
584 3775 678 3820 A-m
690 3779 712 3820 A
722 3776 760 3823 Ac
773 3776 863 3823 vA=
892 3775 963 3838 juxta
982 3778 1096 3824 mdonem
1113 3776 1256 3835 duplicatam
1273 3776 1429 3832 velocitatum,
1453 3788 1525 3834 supra

236 3836 273 3882 T:
285 3837 308 3883 T
319 3837 351 3901 ψ
365 3851 388 3883 x.
896 3850 990 3900 tempus
1005 3856 1053 3904 quo
1068 3841 1251 3888 describerentur
1267 3840 1292 3887 in
1309 3840 1388 3887 medio
1397 3854 1445 3885 non
1454 3838 1525 3885 resia-⁴

269 3898 304 3946 Ut
318 3898 450 3948 inveniatur
469 3902 527 3952 ratio
544 3905 614 3967 hujus
633 3919 740 3951 excessm
750 3918 766 3949 x
776 3902 807 3951 ad
822 3918 863 3951 ex·
896 3912 961 3951 tente
970 3904 1017 3951 sint
1027 3914 1055 3953 ut
1067 3907 1089 3952 A
1102 3914 1125 3951 et
1135 3905 1165 3961 B,
1173 3920 1200 3951 ex
1209 3904 1320 3964 superiori
1328 3902 1524 3950 demonstratione

235 3978 326 4010 cessum
334 3965 474 4025 tempusculi
480 3982 528 4029 quo
535 3983 602 4015 arcus
609 3967 746 4015 descobitur
753 3967 777 4013 in
785 3968 863 4016 medio
895 3966 943 4018 alio
961 3968 1032 4015 modo
1049 3969 1099 4015 erui
1115 3977 1196 4029 potest.
1233 3968 1296 4016 Nam
1307 3968 1455 4015 manentibus
1469 3982 1524 4029 qum

234 4028 355 4074 resistente
365 4030 496 4077 secundum
511 4032 589 4095 legem
601 4031 743 4091 duplicatam
754 4032 863 4080 velocita·
895 4030 944 4079 illic
954 4047 1105 4093 posueramus
1116 4042 1156 4080 est.

234 4091 272 4148 tis,
292 4107 362 4151 supra
377 4096 551 4154 tempusculum
562 4096 592 4152 T,
610 4111 657 4157 quo
676 4093 739 4142 idem
754 4111 822 4143 arcus
836 4097 863 4145 in
927 4110 942 4141 v
955 4098 977 4143 A
990 4112 1058 4143 -m
1071 4098 1094 4143 A
1108 4098 1131 4143 A
1144 4116 1149 4144 :
1163 4113 1178 4142 v
1191 4096 1213 4144 A
1225 4098 1306 4145 =T2
1319 4094 1525 4161 T†xestctiam

234 4154 314 4202 medio
332 4172 381 4204 non
402 4158 520 4207 misteme
540 4160 697 4221 percurritur;
718 4170 864 4221 supponatur
896 4158 967 4207 simili
977 4162 1066 4208 ratione
1077 4176 1091 4205 v
1104 4163 1198 4209 B-m
1209 4161 1230 4208 B
1242 4162 1263 4208 B
1274 4180 1279 4208 ι
1289 4176 1304 4206 v
1314 4162 1377 4209 B:
1387 4161 1425 4209 T:
1436 4162 1459 4208 T
1466 4160 1525 4224 -Η

235 4235 316 4267 arcum
329 4221 350 4267 Β
362 4222 387 4267 in
398 4221 439 4267 tali
455 4224 533 4271 medio
548 4224 646 4272 describi
656 4232 685 4271 ut
694 4224 822 4271 mnsnnsis
837 4226 864 4270 iu
897 4232 921 4271 et
931 4223 1056 4272 dlvidendo
1066 4225 1093 4271 in
1104 4229 1203 4289 utraque
1214 4226 1360 4286 proportione
1370 4224 1398 4273 fit

234 4283 865 4349 punctisaarcrisA,sitadresistentiaminpunctis
991 4289 1454 4337 vA-mAAzmAA=T=x

235 4349 862 4411 correspondentibusbarertsB‚sicutAestadB,
991 4353 1466 4415 vB-mBBsmBB=T:y.

234 4411 335 4476 ideique
345 4414 406 4461 sicut
417 4413 548 4463 velocitates
562 4416 631 4463 initio
646 4431 744 4464 arcuum
759 4416 862 4473 illorum,
898 4416 945 4465 Sed
966 4418 997 4464 ob
1018 4412 1170 4480 erigrnmtem
1188 4417 1323 4465 musondo
1344 4418 1471 4465 velocitatis
1487 4432 1526 4464 re·

234 4476 283 4524 sive
301 4493 356 4525 tum
372 4478 501 4526 coessentia
515 4478 541 4525 in
552 4495 567 4526 a
577 4480 641 4526 sitm
655 4482 678 4527 A
691 4484 715 4527 A
735 4480 865 4528 resistentia
897 4490 978 4541 spectu
997 4481 1084 4528 amumi
1100 4490 1177 4541 potest
1194 4498 1209 4527 v
1223 4483 1246 4529 A
1257 4496 1322 4527 -m
1335 4483 1359 4529 A
1373 4484 1396 4529 A
1411 4480 1454 4543 prb
1464 4498 1479 4529 v
1493 4482 1525 4539 A,

234 4540 495 4605 inbfingamressem
508 4544 531 4589 A
545 4544 576 4601 Β,
593 4542 647 4590 cum
661 4545 864 4607 ergoresistentiae
897 4554 921 4592 et
939 4561 954 4592 v
971 4546 1106 4593 B-mB
1125 4546 1147 4593 Β
1166 4561 1211 4607 pro
1227 4562 1242 4593 v
1259 4548 1290 4605 B,
1313 4546 1377 4593 unde
1398 4554 1433 4594 est
1454 4560 1527 4609 quam

235 4604 282 4651 sint
307 4606 333 4651 in
358 4606 409 4667 ipsi
436 4608 525 4655 ratione
552 4607 707 4664 velocimmm,
732 4609 865 4656 velocitates
896 4608 1002 4670 proxime

235 4666 335 4730 demptis
349 4671 483 4718 resistentiis
498 4673 628 4718 manebunt
638 4672 662 4717 in
673 4670 756 4718 eisdem
766 4673 863 4730 ratione,
992 4689 1008 4719 v
1021 4673 1062 4721 A:
1076 4688 1101 4720 m
1115 4676 1137 4721 A
1153 4675 1176 4721 A
1186 4694 1221 4721 =
1234 4676 1274 4723 T:
1288 4690 1304 4721 x

234 4730 360 4782 iuratione
370 4749 455 4797 nempe
465 4751 564 4785 arcuum
572 4734 773 4785 describendorum
785 4738 863 4794 aetb,
993 4753 1008 4783 v
1020 4737 1042 4786 B
1055 4754 1062 4787 t
1075 4753 1101 4786 m
1113 4740 1137 4789 B
1149 4740 1171 4787 Β
1182 4758 1217 4786 =
1232 4740 1254 4788 T
1266 4760 1272 4789 s
1285 4746 1331 4801 yet
1339 4736 1474 4787 reducendo
1480 4739 1530 4803 pri·
