3434 5500
270 450 333 506 148
578 436 919 510 PHILOSOPHIAE
942 439 1215 510 NATURALIS
1288 441 1398 522 [Mor.
1416 432 1565 530 Copiae

269 615 445 701 pandentes
460 616 522 679 sint
536 627 572 679 ut
584 628 728 700 tempora
743 615 971 679 oscillationum
985 595 1132 691 totarum}
1160 615 1205 697 (†)
1217 626 1310 678 erunt
1326 613 1507 682 velocitates
1522 619 1565 684 ed

222 792 232 806 ,
268 725 402 788 invicem
415 724 449 785 in
464 725 780 808 correspondentibus
802 723 1031 787 oscillationum
1045 724 1197 808 partibus,
1222 735 1257 786 ut
1270 725 1352 788 vires
1367 726 1511 790 matrices
1529 739 1562 793 et

267 847 333 898 tota
362 831 590 898 oscillationem
618 847 760 916 tempora
789 831 906 896 directe
936 842 968 894 et
996 832 1182 916 quantitates
1212 831 1351 895 materies
1380 834 1558 918 reciproce:

268 941 404 1026 ideoque
420 942 614 1026 ,quantitates
629 942 770 1005 materiae
782 952 818 1004 ut
832 941 914 1004 vires
928 951 961 1003 et
974 938 1204 1003 oscillationem
1227 952 1370 1025 tempora
1392 941 1509 1007 directe
1526 957 1560 1010 et·

250 1050 443 1145 'velocitates
473 1052 643 1136 reciproce.
673 1037 728 1134 lt)
756 1050 820 1115 Sed
849 1050 1026 1114 velocitates
1051 1050 1209 1132 reciproce
1240 1060 1314 1112 sunt
1338 1061 1374 1113 ut
1402 1062 1555 1136 tempora,

266 1171 359 1245 atque
373 1157 444 1223 idei)
459 1171 600 1243 tempora
614 1158 731 1225 directe
746 1171 778 1223 et
792 1157 970 1224 velocitates
993 1157 1151 1241 reciproce
1174 1171 1247 1223 sunt
1262 1173 1297 1224 ut
1311 1159 1462 1245 quadrata
1475 1174 1554 1228 tem·

264 1403 293 1443 ut
303 1395 411 1442 velocitas
420 1392 533 1456 aequisita
542 1393 569 1440 in
581 1393 648 1441 lieet
657 1393 688 1441 ad
698 1393 841 1440 velocitatem
852 1408 891 1440 ac-
923 1390 991 1438 sitam
1003 1389 1027 1436 in
1045 1389 1068 1440 E
1085 1403 1134 1436 esse
1150 1389 1180 1436 sd
1192 1389 1336 1438 velocitatem
1347 1393 1482 1458 acquisitam
1493 1395 1518 1442 in
1529 1409 1551 1450 e,

263 1459 372 1522 qrrisitsm
387 1456 441 1504 ini.
478 1457 523 1505 Sed
542 1459 652 1520 quonum
668 1473 735 1505 arcus
754 1458 778 1505 E
791 1458 846 1505 Fet
856 1456 895 1504 ef
922 1455 947 1500 in
957 1454 1047 1502 radone
1057 1453 1174 1514 reciproca
1184 1464 1316 1514 temporum
1324 1457 1410 1518 quibus
1417 1458 1551 1507 describun-

265 1523 287 1570 1³
299 1523 323 1570 G
334 1533 358 1569 et
368 1522 381 1569 l'
388 1538 405 1584 g
423 1531 479 1570 sunt
492 1521 584 1570 inbuite
601 1521 666 1583 parvi
676 1532 700 1569 et
710 1521 817 1584 equales,
834 1521 889 1568 uni·
922 1527 960 1565 tur
970 1533 1038 1566 arcus
1050 1517 1072 1566 E
1086 1516 1113 1574 F,
1126 1527 1149 1565 et
1160 1533 1174 1565 e
1185 1519 1211 1578 ἲς
1222 1519 1273 1565 bec
1284 1519 1338 1566 vero
1349 1530 1453 1584 tempora
1463 1539 1512 1571 esse
1522 1530 1551 1570 ut

263 1585 367 1634 formiter
377 1586 474 1633 describi
485 1586 594 1633 censendi
610 1596 672 1643 sunt,
689 1595 713 1633 et
722 1595 827 1646 tempore
836 1586 889 1647 qui-

179 1661 183 1670 ·
262 1652 307 1698 bus
316 1650 478 1698 desmbmnr
487 1660 557 1698 erunt
566 1651 592 1698 in
602 1651 690 1698 rasiare
700 1649 816 1710 reciproca
826 1650 889 1698 velo·

264 1717 369 1770 elutum,
387 1713 485 1776 ideoque
502 1724 595 1775 tempus
612 1729 660 1776 quo
678 1713 814 1762 describitur
831 1714 889 1762 EF
983 1752 988 1766 .

261 1787 297 1825 est
305 1779 336 1825 ad
346 1787 439 1838 tempus
445 1792 493 1839 quo
498 1778 635 1826 describiutr
645 1779 684 1836 ef,
696 1788 723 1826 ut
728 1778 836 1826 velocitas
843 1779 889 1828 ine

261 1842 290 1890 sd
297 1842 442 1891 velocitatem
448 1844 473 1888 in
479 1842 510 1897 E,
515 1852 539 1889 et
544 1854 636 1903 tempus
642 1858 689 1905 quc
695 1843 831 1890 desaibitur
838 1843 858 1890 F
864 1843 889 1891 G

260 1915 295 1954 est
302 1906 332 1953 ad
342 1916 435 1968 ternpus
442 1921 489 1968 quo
496 1906 631 1954 describitur
640 1907 655 1953 l'
658 1923 683 1969 g,
690 1916 718 1953 ut
725 1905 832 1953 velocitas
842 1909 867 1953 in
877 1907 892 1954 f

260 1970 291 2017 ad
299 1970 442 2017 velocitatem
454 1972 479 2015 in
490 1971 517 2021 F,
529 1971 570 2017 dcc.
582 1971 728 2017 sedrationes
738 1969 887 2017 volocitatum

258 2033 285 2081 in
295 2034 318 2081 E
327 2044 350 2080 et
358 2049 378 2090 e,
388 2035 413 2080 in
423 2033 548 2089 Fetssdrc.
562 2031 888 2094 suntsemperaequrlesinter

258 2113 291 2152 se,
303 2112 360 2159 ergo
370 2107 394 2144 et
403 2097 503 2142 meones
513 2107 708 2159 temporumque
718 2096 815 2143 istamm
830 2107 887 2145 sunt

258 2160 355 2206 inversae
363 2166 418 2206 sunt
428 2160 528 2222 equales
535 2160 596 2207 inter
605 2176 644 2218 se;
655 2175 712 2223 ergo
718 2169 824 2220 tempora
832 2161 886 2223 qui.

258 2226 303 2271 bus
310 2223 410 2284 singula
420 2233 496 2283 partes
506 2239 574 2271 arcus
585 2225 609 2270 D
622 2227 642 2272 C
652 2224 821 2281 descrssruntur,
830 2233 886 2273 sunt

258 2287 289 2337 sd
299 2297 404 2346 tempora
414 2287 498 2348 quibus
508 2289 711 2348 correspondentes
726 2297 804 2349 partes
818 2303 901 2336 ercusr

257 2350 478 2408 dcdsscribuntur‚
490 2352 516 2398 in
526 2351 608 2398 eidem
618 2353 714 2409 mtione,
731 2367 788 2415 ergo
802 2367 885 2400 omnes

257 2415 422 2463 antecedentes
432 2424 456 2462 et
465 2431 547 2462 omnes
557 2426 724 2479 consequentes
733 2416 883 2473 summando,

255 2479 337 2526 omnis
345 2479 418 2528 simul
424 2480 622 2542 temporequibus
628 2490 795 2542 percurruntur
802 2495 884 2528 omnes

255 2555 332 2604 pares
342 2559 409 2592 arcus
421 2544 446 2590 D
456 2545 484 2601 C,
494 2545 539 2590 boc
550 2555 591 2600 est,
602 2554 680 2592 totum
690 2555 782 2604 tempus
792 2546 884 2591 oscilla·

255 2609 327 2655 donis
336 2623 378 2668 per
395 2608 421 2654 D
434 2608 463 2662 C,
481 2618 516 2654 est
534 2607 564 2654 ad
582 2609 662 2655 omnia
678 2619 783 2669 temptes
797 2608 884 2670 quibus

255 2682 332 2732 partes
342 2686 409 2719 arcus
419 2671 436 2716 d
446 2686 460 2717 c
470 2681 643 2731 percurruntur,
661 2673 705 2719 boc
719 2681 755 2718 est
764 2672 795 2718 sd
805 2682 883 2719 toeatn

255 2745 348 2796 tempus
365 2734 517 2783 oscillatioffis
534 2750 577 2795 per
594 2734 634 2782 dc
652 2744 680 2783 ut
696 2738 790 2796 tempus
805 2752 882 2783 unum

253 2798 882 2861 quoquredampsrssrcusDCpcscurritur,estad

254 2872 347 2973 teprpus
357 2877 405 2981 {aa
412 2878 465 2973 papa
475 2862 654 2923 correspondens
665 2879 731 2910 ectu
741 2864 777 2911 dc
787 2879 882 2925 percur.

253 2940 274 2973 rr
285 2941 320 2973 ur.
401 2941 421 2972 e.
452 2959 459 2974 .

286 3030 324 3094 (t)
337 3034 420 3080 Erant
430 3033 555 3081 velocitates
564 3037 597 3082 ad
606 3036 703 3082 inuicem
714 3036 740 3083 s’n
750 3051 882 3097 cormpone-

254 3096 360 3144 dmtiles
370 3098 537 3145 oscillationem
544 3100 659 3158 partibus,
672 3109 700 3147 et
711 3102 767 3147 eires
777 3103 881 3147 arabicas

255 3168 278 3205 et
288 3167 334 3208 tota
345 3162 515 3209 oscillationem
525 3170 626 3224 tempora
637 3162 718 3210 direct)
729 3172 752 3210 et
762 3166 879 3225 quantita·

252 3225 398 3271 esmeria
408 3222 527 3285 νεοίρνοοέ.
548 3229 561 3256 e
572 3226 610 3273 Ex
617 3226 811 3274 demonstratione
817 3238 880 3274 nott

252 3286 376 3347 superioris
385 3287 460 3351 liquet
470 3289 602 3337 velocitates
613 3290 639 3337 in
648 3290 881 3352 correspondentibus

251 3351 356 3411 partubus
365 3366 415 3399 esse
425 3367 507 3401 omues
516 3352 542 3399 in
553 3353 635 3401 eidem
642 3355 738 3411 ratione,
746 3353 845 3417 idedque
851 3364 880 3404 ut

252 3414 361 3462 relacitoe
376 3416 488 3477 acquisita
497 3416 523 3462 iu
541 3418 564 3465 E
583 3418 613 3464 ad
624 3418 768 3466 velocitatem
779 3419 877 3481 acquisi-

250 3486 300 3525 tam
317 3478 344 3524 in
359 3494 380 3536 e,
399 3479 441 3526 sed
459 3468 513 3526 edm
531 3496 599 3529 arcus
616 3483 677 3530 DE
693 3483 772 3529 etde
787 3480 879 3530 infiniti

250 3542 490 3669 ἓὲἓὲἓὲἓὲἓὲἓὲ
502 3545 879 3669 tribum?

479 3641 486 3666 s
868 3629 877 3669 ἱ

250 3672 877 3742 rpotusergopereasproductuscrescettamprora·

250 3740 314 3779 noue
324 3732 410 3780 ririrun
420 3735 522 3795 ipsarum
535 3735 607 3797 quien
617 3752 660 3797 pro
669 3737 757 3784 ratione
767 3739 878 3797 temporis

250 3797 411 3856 quoarcrrsilli
422 3797 585 3847 describuntur
594 3800 642 3847 sive
653 3802 693 3864 (er
701 3801 875 3864 demonstratis)

249 3872 293 3919 pro
302 3860 391 3909 neone
401 3870 534 3923 temporum
542 3862 713 3911 owissadonum
722 3865 874 3927 integrumm,

249 3932 329 3971 motus
338 3923 393 3973 verb
400 3941 429 3972 ex
439 3926 495 3973 Des.
507 3933 530 3973 2.
541 3928 594 3974 Lib.
609 3928 631 3974 1.
644 3929 772 3975 mmatur
779 3945 794 3975 a
803 3930 875 3977 Ness-

248 3994 306 4034 tono
321 4003 350 4034 ex
366 3988 486 4037 velocitate
501 3999 525 4037 et
539 3991 636 4039 mateid
651 3992 801 4055 conjunctim,
818 4010 875 4057 ergo

248 4050 380 4100 veladtates
389 4054 508 4113 producte
517 4055 543 4101 in
554 4060 875 4117 mnaspcndentibesoscilla·
908 4106 913 4121 „

247 4118 341 4164 fionern
354 4121 461 4178 potem
476 4128 547 4167 erent
557 4129 585 4168 et
600 4122 659 4168 eires
673 4124 778 4169 nanee
787 4132 810 4169 et
826 4132 875 4172 tota

247 4182 415 4230 oscillationem
430 4192 531 4244 temporo
547 4186 631 4233 directe
640 4194 662 4233 ct
673 4189 812 4248 quantitates
822 4205 874 4236 ma-

246 4246 310 4293 tm’ae
320 4247 413 4293 inere.

278 4343 869 4415 (§)·Sedaslocitatessentreciproclettceposa.
1106 4338 1123 4385 p

246 4411 260 4439 ⁰
274 4408 314 4455 Ex
324 4408 486 4485 demonstrabo
501 4412 543 4487 (sd
559 4423 638 4462 notam
653 4416 794 4475 superiorem
805 4416 825 4478 i)
841 4418 872 4465 li·

244 4481 302 4533 quet
317 4473 462 4551 velocitatem
471 4486 606 4553 sequutum
616 4479 642 4525 in
654 4479 677 4526 Ε
685 4495 736 4526 mse
745 4480 871 4558 *dfflt’ql'
904 4497 1008 4551 tempore
1013 4493 1184 4547 oscillationm
1191 4500 1343 4565 integrarum,
1351 4504 1415 4553 uude
1422 4506 1531 4557 vacam

244 4545 317 4583 ‘mm
333 4548 469 4615 ΜΨ
484 4554 510 4587 ¹¹¹
525 4555 539 4587 θ
555 4551 582 4588 ¹¹⁸
598 4542 709 4619 'elmi
720 4554 831 4607 ⁸0‘lum
845 4561 871 4622 13²
903 4556 1014 4617 acquisita
1024 4557 1049 4605 in
1060 4571 1148 4619 puncto
1158 4566 1240 4626 quovis
1251 4582 1318 4615 arcus
1330 4568 1394 4627 DC,
1406 4570 1480 4618 ested
1490 4586 1531 4619 re·

244 4610 425 4677 puaeooqaons
435 4618 503 4652 ears
521 4606 579 4654 Dc
596 4608 626 4654 ad
637 4607 781 4683 volontatem
792 4624 871 4673 acqur-
904 4616 1022 4667 locitatem
1039 4622 1177 4685 acquisitam
1194 4630 1220 4676 in
1238 4639 1327 4691 puncto
1343 4633 1531 4695 ementerii

244 4672 314 4711 ιιιιιιι
331 4680 357 4712 ιιι
373 4678 461 4727 puncto
478 4670 670 4745 pomsrondents
684 4686 752 4746 ιιιιιι
767 4672 822 4732 des
841 4690 872 4722 ex
902 4696 972 4730 arcus
989 4684 1036 4742 de,
1053 4686 1079 4733 in
1090 4690 1308 4754 euenereapmct
1318 4702 1450 4759 semema
1460 4698 1531 4747 oeta

242 4724 327 4776 daem
337 4729 532 4781 demonstratione
547 4733 622 4797 quuet
637 4735 872 4803 venustarumque
903 4744 1136 4803 lstionumtotsrum.
1170 4757 1267 4813 uena

885 4850 900 4893 3
