3434 5500
257 429 320 487 306
578 416 919 486 PHILOSOPHIAE
942 406 1215 487 NATURALIS
1269 418 1378 501 [Mor.
1392 420 1547 488 Consua.

257 614 380 678 semper
399 592 603 679 quantitatem
623 588 728 656 motirs
748 591 888 675 accipiat,
913 612 1007 677 quam
1022 591 1172 675 imprimit
1185 592 1219 655 in
1233 594 1395 657 materiam
1411 596 1545 663 vorticis.

258 702 334 766 Sine
347 698 402 764 tali
415 696 572 784 principio
587 719 715 763 necesse
728 710 777 762 est
791 709 826 761 ut
838 696 953 784 globus
967 709 999 763 et
1013 697 1138 778 vorticis
1153 711 1258 783 partes
1272 699 1447 781 interiores,
1469 726 1545 788 pro-

254 822 405 897 pagantes
420 830 542 891 semper
555 820 676 872 motum
691 829 781 872 suum
796 808 831 871 in
845 804 1025 887 exteriores,
1041 831 1147 895 neque·
1153 831 1269 875 novum
1280 810 1415 897 aliquem
1423 826 1545 879 motum

255 922 447 1005 recipientes,
470 917 647 983 tardescant
660 916 809 1001 paulatim
825 929 857 983 et
871 918 905 985 in
919 917 1028 985 orbem
1042 918 1096 1006 agi
1108 919 1262 986 desinant.
1377 979 1379 983 .

299 1032 398 1096 Cerci.
414 1039 444 1095 5.
470 1029 504 1095 si
517 1030 630 1117 globus
643 1029 722 1093 alter
735 1028 933 1095 huicvortici
948 1029 987 1093 ad
1002 1040 1120 1095 certam
1134 1030 1175 1095 ab
1189 1030 1286 1115 ipsius
1301 1044 1409 1096 centro
1422 1032 1544 1097 distan-
1655 1046 1657 1054 “
1699 1050 1700 1059 ’

255 1141 330 1204 tiam
345 1140 508 1219 innataret,
533 1153 565 1204 et
579 1140 697 1205 interea
721 1138 805 1204 circa
829 1162 921 1205 axem
946 1130 1146 1205 inclinatione
1168 1140 1277 1205 datum
1298 1140 1329 1207 vi
1348 1140 1451 1227 aliquai
1466 1164 1544 1207 con-

256 1261 373 1313 stanter
387 1250 613 1325 revolveretur3
627 1250 721 1335 hujus
735 1263 823 1315 motu
838 1261 999 1336 raperetur
1013 1250 1146 1315 fluidum
1161 1251 1194 1317 in
1205 1251 1372 1315 vorticem:
1389 1262 1420 1317 et
1433 1252 1542 1335 primo

254 1358 464 1425 revolveretur
484 1360 537 1425 bic
553 1373 663 1426 vortex
676 1383 776 1426 novus
791 1372 823 1425 et
836 1362 969 1449 exiguus
989 1358 1053 1425 und
1074 1371 1149 1425 cum
1171 1360 1268 1447 globo
1289 1361 1373 1425 circa
1396 1374 1541 1427 centrum

256 1468 393 1547 alterius,
409 1483 443 1535 et
456 1471 577 1535 interea
589 1470 682 1536 latins
697 1483 836 1555 serperet
849 1471 947 1556 ipsius
961 1482 1076 1549 motus,
1100 1480 1132 1535 et
1144 1470 1295 1555 paulatim
1309 1482 1544 1557 propagaretur

254 1575 287 1637 in
301 1576 471 1655 infinitum,
495 1577 537 1642 ad
560 1576 691 1642 modum
713 1577 839 1643 vorticis
858 1577 961 1662 primi.
1007 1578 1050 1643 Et
1074 1577 1182 1643 eidem
1207 1578 1340 1655 ratione,
1364 1577 1425 1663 quai
1447 1578 1541 1663 hujus

256 1682 368 1769 globus
383 1695 544 1768 raperetur
557 1696 644 1749 motu
659 1683 785 1749 vorticii
805 1684 943 1761 alterius,
970 1696 1132 1769 raperetur
1158 1685 1251 1748 etiam
1275 1684 1389 1771 globus
1412 1684 1542 1749 alterius

254 1802 342 1855 motu
355 1791 457 1876 huius,
485 1792 528 1855 sic
542 1803 579 1867 ut
591 1792 679 1878 globi
693 1791 760 1856 duo
774 1790 860 1857 circa
878 1790 1103 1881 intermedium·
1120 1790 1248 1875 aliquod
1267 1802 1420 1875 punctum
1434 1790 1539 1855 revol-

255 1910 409 1975 verentur,
426 1920 521 1983 soque
534 1910 645 1963 mutuo
659 1898 702 1962 ob
716 1909 838 1962 motum
851 1896 940 1961 illurn
956 1896 1139 1961 circularem
1153 1896 1308 1983 fugerent,
1332 1897 1392 1961 nisi
1406 1919 1463 1982 per
1477 1898 1542 1961 vim

255 2001 388 2088 aliquam
411 2002 550 2068 cohibiti.
595 2002 709 2069 Postea
723 2003 844 2067 sivires
866 2014 1044 2067 constanter
1064 2002 1235 2087 impressae,
1262 2004 1374 2090 quibus
1399 2004 1486 2089 globi
1507 2004 1542 2067 in
1591 2066 1616 2087 ,-

254 2108 389 2173 motibus
404 2110 466 2173 suis
481 2122 689 2192 perseverant,
711 2121 876 2188 cessarent,
899 2122 931 2175 et
944 2108 1049 2173 omnia
1062 2109 1185 2197 legibus
1207 2109 1396 2175 mechanicis
1410 2112 1542 2195 permit-

254 2226 404 2295 terentur,
419 2216 634 2305 languesceret
647 2218 797 2303 paulatim
810 2231 915 2282 motus
928 2217 1096 2304 globorum
1122 2216 1177 2300 (ob
1199 2210 1352 2282 rationem
1373 2218 1407 2283 in
1431 2218 1541 2281 Corol.

254 2334 289 2389 3.
301 2337 333 2389 et
345 2334 376 2391 4.
392 2317 591 2414 assignatam)
608 2340 640 2392 et
654 2327 786 2392 vortices
799 2326 926 2391 tandem
941 2327 1204 2413 conquiescerent.

310 2436 448 2501 Gerous.
483 2437 518 2502 Si
541 2437 628 2524 globi
648 2437 754 2521 plures
776 2436 859 2506 datis
883 2438 917 2499 in
939 2437 1015 2501 locis
1035 2436 1153 2502 circum
1173 2458 1247 2501 axes
1270 2434 1426 2521 positione
1450 2435 1542 2499 datos

253 2541 345 2603 certis
354 2562 425 2605 curn
433 2542 646 2607 velocitatibus
656 2554 833 2608 constanter
841 2542 1083 2620 revolverentur,
1099 2542 1212 2606 fierent
1220 2544 1353 2607 vortices
1365 2542 1495 2606 totidem
1505 2542 1540 2605 in

254 2646 408 2711 inlinitum
422 2662 595 2737 pergentes.
641 2647 726 2712 Nam
739 2649 826 2735 globi
841 2648 954 2735 singuli
976 2648 1085 2713 cuidem
1107 2648 1228 2713 ratione
1249 2648 1311 2735 quai
1327 2672 1408 2715 unus
1427 2650 1541 2735 aliquis

253 2767 374 2818 motum
399 2769 668 2844 suumpropagat
688 2757 721 2819 in
735 2757 902 2833 infinitum,
929 2756 1149 2842 propagabant
1170 2757 1263 2820 etiam
1284 2768 1387 2820 motus
1409 2777 1482 2820 suos
1504 2755 1540 2819 in

253 2859 419 2940 infinitum,
443 2862 522 2926 adab
536 2874 572 2926 ut
585 2862 674 2926 fluidi
687 2862 802 2926 infiniti
815 2885 889 2946 pars
911 2883 1107 2949 unaquaeque
1122 2885 1160 2927 eo
1175 2863 1310 2950 agitetur
1324 2874 1413 2926 motu
1428 2864 1482 2948 qui
1497 2885 1541 2927 ex
1643 2859 1645 2863 ’
1699 2955 1700 2974 ¹

252 2969 584 3058 omnium‘globorum
606 2973 778 3037 actionibus
802 2974 940 3038 resultat.
986 2971 1083 3038 Unde
1105 2972 1238 3036 vortices
1254 2995 1326 3036 non
1350 2971 1542 3037 definientur

252 3079 346 3141 certis
358 3077 517 3161 limitibus,
541 3083 597 3148 sed
610 3083 644 3145 in
659 3106 693 3147 se
707 3094 818 3146 mutuo
833 3082 984 3168 paulatim
999 3093 1184 3158 excurrent3
1206 3082 1355 3168 globique
1370 3103 1427 3165 per
1441 3082 1541 3145 actio-

251 3205 309 3248 nes
321 3187 473 3251 vorticum
487 3189 521 3251 in
535 3212 569 3252 se
579 3200 698 3266 mutuo,
714 3184 871 3273 perpetuo
879 3189 1088 3253 movebuntur
1098 3187 1139 3252 de
1149 3187 1225 3252 locis
1236 3187 1309 3266 suis,
1325 3189 1371 3252 uti
1382 3188 1416 3252 in
1426 3189 1541 3252 Corol-

207 3330 225 3336 .,
251 3289 330 3354 lario
345 3295 505 3376 superiore
524 3294 701 3378 expositum
716 3309 780 3372 est3
802 3318 905 3381 neque
920 3305 1037 3358 certam
1052 3294 1193 3380 quamvis
1203 3295 1284 3358 inter
1299 3317 1339 3358 se¹
1351 3295 1541 3377 positionem

252 3400 428 3479 servabunt,
445 3402 505 3464 nisi
518 3424 575 3485 per
590 3402 651 3464 vim
666 3403 801 3487 aliquam
818 3402 941 3466 retenti.
987 3401 1189 3467 Cessantibus
1210 3413 1314 3464 autem
1335 3401 1455 3464 viribus
1477 3400 1541 3464 illis

252 3529 322 3592 quae
336 3507 369 3569 in
382 3507 494 3594 globos
510 3520 686 3572 constanter
700 3509 861 3592 impressa
876 3518 1061 3578 conservant
1081 3507 1176 3570 hosce
1198 3519 1311 3584 motus,
1339 3507 1469 3570 materia
1492 3507 1536 3570 ob

195 3631 204 3649 ·
250 3613 403 3676 rationem
416 3614 449 3676 in
466 3613 640 3678 Corollario
654 3614 746 3678 tertio
760 3629 792 3678 et
806 3627 919 3699 quarto
934 3614 1131 3700 assignatam,
1153 3613 1303 3698 paulatim
1319 3615 1492 3700 requiescet
1507 3627 1541 3678 ct

249 3719 284 3781 in
297 3719 429 3782 vortices
443 3719 495 3806 agi
509 3719 639 3787 desinet

295 3829 394 3893 Cerol.
411 3836 440 3898 7.
461 3829 508 3918 *Si
532 3829 664 3894 fluidum
685 3829 819 3894 similare
841 3829 1004 3894 claudatur
1018 3829 1052 3892 in
1066 3849 1139 3894 vase
1155 3823 1319 3914 sphaeric0,
1345 3851 1381 3892 ac
1395 3829 1481 3917 globi
1503 3831 1540 3894 in

137 4054 140 4059 ’
248 4067 303 4109 vas
317 4045 351 4108 in
372 4048 513 4113 eamdem
528 4063 650 4134 partem
671 4050 754 4113 circa
774 4071 866 4114 axem
888 4049 1022 4114 eundem
1044 4048 1253 4126 revolvantur,
1277 4049 1400 4133 sintque
1425 4069 1539 4110 eorum

248 4160 390 4237 tempora
403 4155 564 4238 periodica
578 4167 614 4221 ut
628 4157 779 4241 quadrata
794 4156 1129 4222 semi-diametrorum:
1145 4169 1250 4241 partes
1264 4155 1354 4219 fluidi
1368 4177 1431 4221 non
1445 4155 1538 4239 prius

246 4264 490 4346 perseverabunt
514 4267 549 4329 in
570 4267 707 4331 motibus
728 4267 792 4330 suis
815 4267 883 4331 sine
904 4265 1127 4331 acceleratione
1147 4277 1178 4330 et
1196 4265 1414 4343 retardatione,
1439 4255 1539 4352 quarn

249 4367 311 4448 sint
325 4391 435 4434 eorum
449 4377 592 4455 tempora
613 4373 773 4456 periodica
788 4385 824 4438 ut
838 4373 990 4458 quadrata
1012 4371 1229 4437 distantiarum
1243 4395 1263 4437 a
1277 4385 1384 4437 centro
1398 4373 1538 4439 vorticis.

250 4478 288 4561 (²)
305 4479 379 4542 Alia
392 4481 480 4544 nulla
493 4479 620 4544 vorticis
636 4483 814 4548 constitutio
828 4495 932 4568 potest
947 4505 1014 4546 esse
1028 4505 1223 4566 permanens.

279 4648 315 4712 (⁸)
328 4653 341 4681 ⁴
355 4653 411 4699 Alio
421 4654 488 4700 nulla
496 4654 588 4700 corticis
604 4657 733 4702 cunctantia
745 4663 820 4715 protest
828 4631 877 4702 erse
909 4652 1001 4701 vorticis
1008 4653 1151 4709 constitutio,
1167 4661 1195 4699 nt
1204 4668 1257 4714 pars
1266 4653 1375 4715 quaelibet
1385 4653 1452 4700 fluidi
1463 4654 1540 4716 possit

243 4728 393 4775 marna.
429 4716 493 4763 Nam
505 4721 546 4782 (ex
556 4716 699 4781 dcrncnstr.)
709 4733 739 4766 ea
748 4718 817 4766 debet
826 4733 877 4766 ease
908 4717 935 4765 in
943 4723 989 4766 suo
997 4725 1064 4766 notu
1071 4716 1217 4767 uniformiter
1222 4733 1373 4780 perseverare,
1385 4727 1408 4766 et
1418 4727 1446 4767 ut
1452 4719 1540 4768 attritu
