3434 5500
271 467 334 526 164
597 459 943 528 PHILOSOPHIAE
962 461 1236 530 NATURALIS
1288 461 1397 542 [Mor.
1409 462 1563 529 Coerou.

266 636 412 702 infimum
428 635 575 720 cycloidis
586 647 748 719 punctum,
760 637 805 718 (ὅ)
821 636 928 700 eterit
944 633 1018 700 CD
1034 646 1069 700 ut
1082 636 1129 698 vis
1143 657 1164 699 o
1177 635 1329 722 gravitate
1339 635 1483 712 oriunda,
1500 638 1563 721 quai

267 727 384 826 corpus
397 741 430 803 in
447 741 482 804 D
494 740 667 804 secundum
682 753 863 829 tangentem
883 742 1034 828 cycloidis
1055 755 1194 830 urgetur,
1221 764 1353 828 eamque
1369 743 1498 807 habebit
1510 767 1564 807 ra·

268 850 386 914 tionem
397 843 438 909 ad
453 846 681 932 longitudinem
695 848 824 932 penduli
840 847 1091 935 (¹²)quamhabet
1105 848 1196 913 visin
1211 850 1245 914 D
1260 850 1301 912 ad
1315 850 1378 912 vim
1391 850 1562 936 gravitatis.

270 953 567 1040 Exponatur'igitur
579 955 624 1018 vis
634 954 688 1018 ills
696 977 753 1040 per
768 955 997 1042 longitudinem
1009 955 1037 1020 C
1048 955 1093 1034 D,
1109 966 1141 1020 et
1154 955 1201 1018 vis
1215 955 1375 1042 gravitatis
1390 977 1447 1038 per
1461 955 1563 1042 longi-

268 1062 411 1126 tudinem
424 1058 563 1144 penduli,
581 1073 612 1125 et
626 1062 651 1124 si
666 1061 699 1125 in
714 1061 789 1127 DE
803 1055 945 1147 capiatur
959 1061 1036 1128 DK
1052 1062 1087 1125 in
1100 1060 1137 1126 ei
1149 1061 1270 1125 ratione
1281 1060 1322 1124 ad
1331 1060 1562 1147 longitudinem

267 1171 399 1259 penduli
419 1191 515 1257 quam
536 1169 631 1237 hsbet
651 1171 827 1236 resistentia
840 1172 882 1236 ad
895 1172 1091 1260 grevitaterp,
1114 1169 1174 1234 erit
1188 1169 1223 1234 D
1240 1169 1273 1233 K
1290 1190 1452 1254 exponens
1467 1170 1563 1235 resis-

268 1285 386 1350 tentiae.
430 1281 550 1348 Centro
567 1283 641 1346 Cet
662 1282 825 1368 intervallo
846 1283 923 1348 CA
944 1283 994 1346 vel
1015 1281 1091 1345 CB
1114 1291 1312 1344 construatur
1337 1279 1563 1363 semi-circulus

271 1382 300 1456 B
316 1390 378 1455 Ee
395 1391 435 1452 A.
480 1390 646 1456 Describat
660 1404 765 1457 autem
778 1411 894 1475 corpus
909 1399 1051 1475 tempore
1066 1388 1161 1475 quem
1174 1388 1307 1452 minimo
1321 1387 1457 1472 spatium
1479 1388 1513 1452 D
1529 1387 1563 1466 d,

268 1511 303 1563 et
317 1498 426 1564 erectis
440 1499 672 1586 perpendiculis
687 1501 721 1568 D
737 1500 777 1580 E,
794 1500 816 1566 d
831 1521 849 1568 e
862 1498 1124 1566 cirmmferenriae
1146 1496 1380 1563 occurrentibus
1395 1497 1429 1562 iu
1444 1497 1474 1562 E
1487 1510 1520 1563 et
1534 1521 1563 1580 e,

276 2695 367 2773 erunt
381 2710 450 2773 haec
464 2719 500 2773 ut
513 2697 689 2773 velocitates
705 2733 782 2795 quas
797 2729 911 2794 corpus
933 2711 967 2773 in
986 2733 1095 2789 vacuo,
1119 2709 1340 2776 descendendo
1354 2730 1373 2775 a
1386 2723 1504 2797 puncto
1528 2703 1569 2786 Β,

276 2819 448 2905 acquireret
463 2820 496 2880 in
511 2818 587 2881 locis
610 2819 644 2883 D
659 2832 691 2883 et
705 2819 736 2883 d.
784 2821 875 2884 Patet
896 2820 957 2884 hoc
978 2826 1051 2905 (per
1066 2824 1162 2907 Prop.
1179 2823 1256 2887 LII.
1273 2822 1345 2888 Lib.
1362 2824 1414 2904 1.).
1460 2822 1571 2903 Expo-

277 2938 393 2991 nentur
412 2930 518 3015 itaque
532 2928 584 2991 hae
598 2930 776 2996 velocitates
791 2952 848 3014 per
863 2931 1087 3015 perpendicula
1101 2933 1155 2995 illa
1175 2933 1209 2997 D
1226 2932 1264 3009 E,
1282 2933 1304 2995 d
1318 2955 1354 3009 e;
1377 2931 1477 3017 sitque
1492 2928 1526 2993 D
1543 2929 1573 2991 F

273 3036 422 3101 velocitas
448 3060 542 3123 quarn
564 3039 696 3125 acquirit
717 3040 751 3103 in
773 3040 806 3105 D
829 3041 971 3105 cadendo
986 3042 1027 3107 de
1043 3043 1072 3106 B
1086 3044 1119 3106 in
1133 3043 1239 3107 medio
1260 3044 1433 3109 resistente.
1478 3037 1523 3104 Et
1544 3039 1573 3101 si
1602 3073 1613 3094 .

277 3159 386 3213 centro
402 3150 431 3213 G
445 3160 477 3213 et
498 3149 663 3213 intervallo
686 3150 759 3213 CF
781 3150 976 3214 describatur
998 3150 1133 3217 circulus
1158 3130 1217 3216 F'f
1227 3152 1267 3217 Μ
1289 3172 1456 3217 occurrens
1480 3148 1573 3212 rectis

278 3253 300 3316 d
315 3269 378 3327 eet
393 3256 425 3318 A
442 3254 550 3349 Birtf
559 3267 591 3319 et
607 3256 664 3347 ild,¹
684 3254 717 3340 (¹)
733 3256 793 3320 erit
816 3256 856 3320 M
878 3257 966 3323 locus
987 3256 1029 3323 ad
1050 3282 1145 3346 quem
1166 3260 1314 3345 deinceps
1335 3260 1402 3325 sine
1424 3257 1574 3323 ulteriore

277 3360 451 3425 resistentib
467 3362 656 3439 ascenderet,
673 3373 704 3427 et
718 3362 740 3425 d
755 3362 929 3428 fvelocitas
944 3387 1038 3451 quam
1052 3367 1227 3452 acquireret
1241 3368 1275 3430 in
1294 3368 1326 3431 d.
1366 3366 1463 3457 Unde
1477 3365 1574 3427 etiam

278 3470 305 3533 si
322 3470 348 3533 F
362 3470 538 3557 gdesignet
548 3471 928 3537 velocitatis‘momentum
943 3475 1028 3560 quod
1042 3497 1156 3559 corpus
1171 3476 1205 3541 D
1220 3476 1426 3541 describendo
1437 3473 1574 3559 spatium

279 3581 372 3662 quam
384 3578 552 3643 minimum
567 3581 602 3645 D
617 3579 648 3657 d,
665 3602 706 3644 ex
720 3581 896 3647 resistentib
910 3584 1007 3648 medii
1021 3585 1152 3661 amittit3
1175 3597 1207 3649 et
1221 3598 1362 3650 sumatur
1378 3585 1406 3650 C
1422 3586 1455 3648 N
1469 3605 1574 3669 aequa-

278 3686 317 3749 lis
334 3687 415 3773 cg:
440 3688 499 3751 erit
515 3690 547 3751 N
562 3689 648 3753 locus
664 3689 705 3752 ad
719 3710 813 3777 quem
835 3712 948 3777 corpus
970 3692 1118 3779 deinceps
1140 3694 1208 3758 sine
1229 3694 1376 3759 ulteriore
1399 3693 1574 3759 resistentib

280 3785 468 3875 ascenderet,
485 3809 517 3861 et
533 3798 572 3861 M
589 3799 621 3862 N
636 3801 695 3863 erit
710 3798 945 3865 decrementum
967 3801 1113 3870 ascensus
1128 3826 1169 3866 ex
1183 3804 1355 3868 velocitatis
1376 3801 1458 3867 illius
1479 3800 1574 3867 amis-

281 3904 368 3967 sione
383 3905 560 3969 oriundum.
606 3908 660 3971 Ad
682 3908 737 3972 df
757 3908 938 3975 demittatur
958 3891 1218 3997 perpendiculum
1242 3913 1325 3990 Fm,
1349 3925 1382 3977 et
1401 3912 1575 3977 velocitatis

280 4009 359 4074 DF
385 4010 618 4076 decrementum
643 4014 707 4102 Fg
730 4038 749 4078 a
770 4017 944 4083 resistentib
967 4020 1001 4084 D
1018 4018 1051 4085 K
1073 4022 1225 4109 genitum,
1252 4022 1312 4085 erit
1336 4019 1378 4085 ad
1402 4020 1575 4085 velocitatis
1618 4079 1621 4086 .
1709 3983 1710 4056 l

281 4116 420 4204 ejusdem
434 4118 664 4186 incrementum
679 4121 697 4184 f
705 4144 738 4185 nr
752 4147 772 4187 a
785 4124 817 4189 vi
834 4125 862 4190 C
877 4124 911 4191 D
926 4128 1077 4213 genitum,
1094 4140 1129 4191 ut
1143 4128 1190 4191 vis
1204 4150 1357 4214 generans
1379 4129 1413 4193 D
1430 4128 1463 4192 K
1478 4126 1517 4213 (ι)
1532 4126 1576 4191 ad

282 4312 367 4361 fimum
378 4328 458 4360 areum
471 4330 541 4377 quem
553 4332 637 4377 corpus
648 4317 673 4364 in
690 4316 768 4365 medio
785 4334 832 4365 non
849 4319 917 4366 resis-
948 4320 1011 4365 enim
1030 4319 1176 4367 velocitatem
1193 4321 1288 4368 haberet
1307 4334 1391 4380 corpus
1409 4320 1435 4367 in
1454 4320 1487 4376 D,
1510 4334 1537 4366 ac
1556 4316 1577 4364 si

282 4385 346 4425 tente
357 4376 485 4426 oscillando
496 4378 605 4428 describit
619 4380 714 4429 indues
728 4391 805 4443 partes
815 4383 917 4445 aequales
948 4384 1038 4431 seclusi
1058 4385 1123 4430 omni
1144 4383 1273 4431 resistendi
1300 4384 1448 4443 percurrisset
1473 4383 1577 4443 spatium

281 4440 375 4489 dividit.
951 4448 970 4495 C
985 4448 1048 4494 F-
1062 4449 1081 4496 C
1094 4448 1126 4501 D,
1147 4457 1171 4493 et
1186 4446 1240 4496 ideo
1256 4450 1309 4509 (per
1323 4446 1395 4494 modo
1407 4446 1576 4505 demonstrata)

315 4506 351 4570 (⁸)
364 4509 378 4536 ¹*
392 4508 426 4559 Et
442 4510 485 4555 erit
498 4510 552 4555 CD
569 4518 596 4557 at
608 4512 644 4557 'uis
654 4527 669 4557 α
677 4512 790 4571 gravitate
805 4513 914 4569 oriunda,
947 4511 973 4556 in
981 4506 1035 4558 loco
1045 4510 1062 4558 d
1072 4513 1166 4559 haberet
1176 4512 1321 4560 velocitatem
1332 4510 1376 4569 df,
1393 4520 1417 4559 et
1431 4512 1458 4558 iu
1474 4511 1527 4559 loco
1544 4510 1577 4557 Μ

283 4568 326 4616 &c
344 4578 408 4629 patet
418 4587 460 4631 per
470 4570 597 4619 demonstr.
614 4572 683 4633 Prop.
698 4574 743 4621 LI.
758 4574 811 4621 Lib.
827 4574 848 4621 1.
947 4575 1047 4622 nullam.

316 4632 380 4696 (Ψ
396 4638 473 4688 Quum
491 4638 557 4683 tabet
574 4638 609 4683 vis
628 4639 654 4683 ira
668 4640 694 4685 D
711 4641 742 4683 ad
756 4640 800 4687 vim
815 4642 916 4701 gracita·
982 4638 1017 4702 (ἱ)
1031 4643 1045 4670 *
1057 4642 1097 4687 Ad
1113 4643 1160 4688 vim
1175 4650 1325 4701 generantem
1343 4642 1405 4689 01).
1442 4637 1503 4687 Sunt
1513 4637 1580 4685 enim

283 4697 320 4754 tis,
332 4712 374 4757 per
387 4700 441 4747 Cor.
457 4705 479 4747 l·
494 4700 563 4761 Prop.
579 4700 624 4747 LI.
638 4708 662 4745 et
672 4709 720 4746 not.
732 4707 786 4748 462.
808 4702 861 4749 Lib.
877 4703 898 4749 1.
947 4702 1096 4751 velocitatem
1115 4704 1229 4753 elementa
1249 4704 1306 4751 dato
1324 4702 1436 4765 temporis
1456 4701 1580 4751 momento

318 4758 349 4822 (¹)
362 4764 375 4793 ”
388 4764 445 4812 Erit
461 4766 493 4812 M
506 4766 612 4814 locutud
627 4780 704 4827 quem,
723 4763 766 4811 &c
798 4765 917 4814 Eamdem
948 4767 1142 4831 gemmutrires
1152 4777 1288 4830 generantes
1300 4771 1352 4833 (18.
1364 4769 1419 4817 Lib.
1434 4767 1479 4828 1.).
