3434 5500
1213 338 1223 373 l

234 418 308 532 ees
550 406 900 493 ennosornnn'
916 424 1188 494 unrunnms
1244 427 1354 509 [nor.
1372 426 1526 493 conpos.

232 597 397 685 propagati
408 618 474 661 sese
488 596 663 660 dilatabunt
677 597 718 659 ad
732 596 838 673 latera,
854 619 912 681 per
925 596 1174 680 Propositionem
1189 595 1419 678 praecedentem
1427 620 1437 671 ;
1460 609 1491 659 et
1506 622 1535 661 a

234 703 435 788 corporoillo
449 704 583 766 tremulo
599 716 746 788 tanquam
762 717 870 766 centro
886 702 1053 778 communi,
1071 701 1240 765 secundum
1259 702 1436 785 superficies
1450 724 1525 785 pro·

233 811 402 895 pemodum
418 810 585 894 sphoericas
601 821 632 873 et
647 812 868 889 concentricas,
891 810 1030 895 undique
1047 808 1315 894 propagabuntur.
1360 808 1457 891 Cujus
1478 810 1526 873 rei

233 916 412 999 exemplum
434 915 561 1001 aliquod
582 917 733 980 babemus
754 917 787 980 in
809 917 911 993 undis,
935 940 1006 1002 quae
1021 917 1047 981 si
1061 916 1161 1002 digito
1183 913 1318 979 tremulo
1340 899 1524 995 excitentur,

232 1048 296 1089 non
312 1025 414 1089 solum
428 1038 562 1113 pergent
574 1009 738 1090 hincinde
754 1006 927 1091 secundum
941 1028 1067 1114 plagam
1081 1040 1185 1090 motus
1201 1025 1302 1113 digiti,
1327 1027 1391 1103 sed,
1407 1028 1440 1088 in
1456 1049 1526 1089 mo-

234 1132 310 1197 dum
325 1132 514 1195 circulorum
536 1134 814 1210 concentricorum,
838 1133 970 1220 digitum
986 1134 1089 1197 statim
1109 1133 1236 1219 cingent
1249 1144 1280 1196 et
1294 1132 1430 1217 undique
1451 1155 1526 1217 pro-

232 1237 441 1325 pagabuntnr.
475 1236 571 1301 ‘Nam
585 1240 719 1323 gravitas
735 1239 890 1301 undarum
906 1235 1031 1324 supplet
1045 1239 1149 1302 locum
1164 1239 1209 1301 vis
1225 1238 1370 1301 elasticae.

262 1350 348 1411 Uos.
365 1356 395 1410 2.
421 1346 460 1432 (¹¹)
477 1347 575 1423 Quod
591 1347 615 1408 si
630 1347 769 1409 medium
782 1370 847 1410 non
863 1348 903 1411 sit
923 1348 1101 1411 clasticu'mt
1124 1347 1272 1432 quoniam
1294 1348 1359 1429 ejus
1381 1358 1483 1430 partes
1506 1370 1527 1409 a

234 1455 373 1536 corporis
388 1451 514 1516 tremuli
527 1453 668 1536 partibus
684 1453 809 1515 vibratis
824 1475 941 1536 pressae
956 1454 1140 1516 condensari
1151 1467 1320 1538 nequeunt,
1337 1454 1526 1539 propagabi-

233 1580 285 1629 tur
307 1575 409 1627 motus
431 1563 465 1625 in
486 1561 614 1624 instanti
634 1559 675 1623 ad
696 1573 801 1644 partes
823 1561 878 1624 ubi
899 1541 1043 1624 inedium
1053 1558 1196 1621 facillime
1212 1559 1303 1636 cedit,
1327 1560 1388 1621 hoc
1403 1574 1460 1636 est,
1473 1544 1528 1622 'ad

233 1687 338 1759 partes
361 1697 437 1760 quas
459 1694 573 1757 corpus
595 1672 764 1736 tremulum
783 1672 899 1757 alioqui
921 1694 1033 1734 vacuas
1049 1694 1066 1732 a
1081 1683 1171 1757 tergo
1191 1667 1390 1753 relinqueret.
1436 1669 1529 1731 Idem

234 1796 281 1848 est
297 1806 386 1849 casus
400 1803 473 1847 cum
488 1804 563 1845 casu
585 1781 725 1865 corporis
740 1782 772 1843 in
786 1780 891 1843 medio
914 1802 1101 1865 quocunque
1122 1779 1262 1863 projecti.
1309 1778 1452 1841 Medium
1476 1801 1529 1841 ce-

225 1887 339 1957 'dendo
353 1892 575 1981 projectilibus,
591 1913 656 1953 non
671 1890 787 1953 recedit
801 1892 834 1953 in
849 1890 1023 1965 infinitum3
1040 1888 1096 1953 sed
1110 1889 1143 1951 in
1159 1888 1309 1951 circulum
1326 1888 1438 1965 eundo,
1455 1911 1529 1972 per-

234 2002 281 2086 git
295 2000 336 2064 ad
350 2000 451 2083 spatia
465 2021 536 2084 quae
551 2020 665 2081 corpus
680 1997 827 2082 relinquit
842 2020 861 2059 a
875 2009 974 2083 tergo.
1019 1996 1120 2082 Igitur
1135 1996 1256 2079 quoties
1277 2016 1391 2078 corpus
1412 2007 1530 2056 tremu-

235 2109 301 2171 lum
315 2108 420 2193 pergit
433 2107 466 2168 in
480 2117 602 2189 partem
616 2123 842 2188 quamcunque,
866 2104 1005 2166 medium
1020 2102 1161 2165 cedendo
1182 2113 1293 2187 perget
1306 2122 1364 2183 per
1378 2100 1531 2163 circulum

236 2215 277 2280 ad
292 2228 397 2299 partes
413 2236 490 2299 quas
513 2234 625 2296 corpus
645 2211 808 2297 relinquit3
835 2224 867 2275 et
888 2212 1008 2297 quoties
1030 2233 1144 2295 corpus
1166 2211 1342 2298 regreditur
1364 2210 1404 2273 ad
1425 2209 1532 2271 locum

236 2323 383 2407 priorem,
399 2321 538 2385 medium
552 2320 626 2383 inde
640 2319 807 2403 repelletur
822 2333 853 2383 et
868 2320 908 2382 ad
923 2320 1027 2382 locum
1043 2341 1134 2383 suum
1155 2320 1293 2402 priorem
1316 2309 1437 2380 redibit.
1485 2317 1530 2378 Et

236 2428 375 2514 quamvis
391 2448 504 2510 corpus
519 2423 689 2488 tremulum
702 2446 767 2486 non
782 2424 822 2486 sit
835 2424 972 2500 firmum,
996 2422 1051 2487 sed
1072 2422 1173 2485 modis
1196 2422 1341 2485 omnibus
1363 2421 1476 2495 flexile,
1504 2422 1530 2483 si

173 2514 176 2524 i
235 2551 339 2600 tamen
355 2532 571 2621 magnitudine
594 2532 703 2594 datum
724 2543 858 2606 maneat,
887 2531 1034 2615 quoniam
1055 2529 1241 2591 tremoribus
1257 2528 1319 2590 suis
1335 2528 1443 2611 nequit
1463 2530 1533 2591 me·

237 2647 324 2709 diurn
338 2644 439 2707 ubivis
454 2663 578 2729 urgere,
601 2642 677 2726 quin
692 2640 765 2703 alibi
780 2641 883 2705 eidem
899 2640 990 2703 simul
1005 2640 1111 2713 cedat3
1135 2640 1246 2702 efficiet
1261 2652 1295 2701 ut
1309 2632 1456 2714 medium,
1480 2661 1533 2699 re-

237 2755 378 2841 cedendo
393 2777 411 2815 a
425 2750 566 2835 partibus
580 2751 635 2812 ubi
648 2750 810 2834 premitur,
832 2763 945 2838 pergat
966 2773 1088 2834 semper
1103 2751 1136 2812 in
1152 2750 1261 2814 orbem
1276 2749 1316 2812 ad
1331 2761 1435 2832 partes
1459 2772 1533 2834 quae

238 2859 480 2926 eidemeedunt
527 2848 569 2934 Q
585 2880 612 2920 e.
630 2857 660 2920 d.
1567 2938 1570 2941 Ι

284 2968 383 3030 carot.
417 2963 663 3028 Hallucinantur
683 2966 779 3052 igitur
794 2968 849 3053 qui
864 2968 996 3032 credunt
1017 2969 1217 3055 agitationem
1237 2969 1376 3052 partium
1394 2967 1533 3029 fiammae

233 3073 279 3136 'ad
288 3072 491 3158 pressionem,
507 3094 565 3156 per
576 3072 716 3161 medium
723 3073 873 3150 ambiens,
891 3073 1062 3138 secundum
1072 3073 1169 3137 lineas
1181 3085 1281 3138 rectas
1290 3070 1535 3158 propagandum

172 3238 175 3243 .
241 3178 425 3242 conducere.
464 3178 611 3242 ,Debebis
633 3179 785 3262 ejusmodi
809 3180 930 3263 pressio
952 3203 1017 3244 non
1045 3181 1084 3244 ab
1113 3181 1281 3268 agitatione
1304 3177 1370 3244 solil
1396 3179 1537 3262 partium

131 3301 134 3310 '
216 3370 218 3377 Ι
241 3289 386 3364 flammae,
403 3288 459 3352 sed
474 3311 493 3353 a
507 3289 602 3352 totius
618 3289 798 3352 dilatatione
812 3289 955 3352 derivari.

1005 3402 1016 3443 r

430 3614 711 3682 rnorosrrro
736 3566 861 3678 xuni.
907 3610 1177 3676 resonans
1201 3609 1350 3674 xxxv.

243 3810 278 3872 Si
294 3828 374 3892 aqua
390 3811 423 3872 in
438 3811 555 3879 canalis
576 3810 711 3871 cinribtn
730 3810 835 3870 erectis
852 3805 884 3868 K
901 3806 939 3881 L,
958 3805 996 3868 M
1012 3805 1045 3868 N
1066 3807 1176 3868 vicibus
1199 3806 1326 3868 alternis
1344 3802 1486 3866 ascendat
1508 3812 1541 3863 et

288 3918 465 3990 descendat,
492 3928 682 3982 construatur
701 3928 798 3980 antem
817 3916 982 3998 pendulum
1006 3914 1086 3997 eidus
1112 3915 1266 3996 longitudo
1291 3914 1373 3975 inter
1391 3921 1540 3992 punctum

286 4029 484 4107 suspensimzis
498 4037 529 4090 et
542 4019 674 4090 centrum
689 4025 885 4090 oscillationis
906 4035 1039 4108 sequetur
1054 4026 1166 4098 remissi
1185 4024 1385 4106 longitudinis
1400 4041 1488 4104 aqnce
1504 4022 1541 4082 in

286 4137 410 4200 canali.-
437 4139 503 4200 dieo
523 4139 603 4220 qnod
621 4158 704 4221 aqna
726 4139 864 4201 ascendet
885 4146 914 4200 et
935 4138 1087 4200 descendet
1110 4116 1213 4206 iisdem
1235 4134 1413 4217 temporibus
1432 4133 1543 4214 quibis

281 4246 446 4329 pendulum
461 4224 623 4310 oscillatnr.

239 4350 243 4379 ,
310 4364 311 4367 ,

290 4437 535 4524 Longitudinem
550 4460 639 4522 aquae
653 4460 802 4502 mensuro
817 4437 989 4500 secundum
1004 4451 1078 4500 axes
1091 4435 1205 4498 canalis
1214 4446 1246 4498 et
1257 4455 1394 4508 crurum,
1406 4431 1545 4494 eandem

249 4565 379 4608 summae
393 4544 507 4608 horum
523 4545 629 4606 axium
638 4543 793 4629 aequando
801 4567 810 4618 ;
826 4555 858 4606 et
866 4541 1072 4605 resistentiam
1083 4563 1182 4626 aquae,
1193 4561 1263 4625 quae
1273 4539 1371 4602 oritur
1383 4538 1423 4602 ab
1432 4537 1547 4601 'attritu

513 4743 551 4808 (¹²)
563 4747 577 4774 ⁸
592 4745 658 4797 Quod
669 4721 801 4792 sinndinm
812 4739 952 4788 continuum
961 4734 992 4788 sit
1002 4745 1026 4786 ct
1036 4754 1085 4786 non
1096 4737 1218 4793 elnstirnm,
1229 4733 1272 4783 dcc.
