3434 5500
231 427 344 496 nnat
361 432 526 512 staura]
574 433 815 510 uninomia
839 433 1212 500 uarnnunrrou.
1365 450 1369 460 ·
1453 448 1515 508 109

227 611 350 682 partem
364 599 460 676 illam,
478 623 550 686 quae
564 601 663 664 oritur
677 623 717 664 ex
731 601 884 664 densitate
897 600 997 691 fluidi,
1013 601 1149 664 diximus
1164 623 1232 664 esse
1246 601 1279 663 in
1293 600 1450 686 duplicata
1463 625 1514 668 ra-

227 708 313 771 tione
324 709 512 786 velocitatis3
527 733 601 795 pars
616 711 722 786 altera,
739 733 809 796 quae
824 711 923 774 oritur
938 732 979 774 en
990 713 1154 776 tenacitate
1163 712 1261 790 fluidi,
1279 699 1325 777 est
1339 712 1510 791 uniformis,

228 815 293 881 sive
307 828 343 881 ut
357 829 551 882 momentum
565 819 732 902 temporis:
755 817 888 903 idedque
898 817 964 902 jam
979 839 1111 904 pergere
1125 818 1232 881 liceret
1246 817 1287 880 ad
1301 831 1421 881 motum
1442 840 1511 882 cor-

226 944 349 1006 porum,
366 924 480 1009 quibus
493 925 644 987 resistitur
657 924 772 1007 partim
792 923 824 987 vi
845 922 992 987 uniformi
1014 946 1069 986 seu
1090 924 1123 986 in
1145 924 1264 987 ratione
1279 936 1510 989 momentorum

225 1031 385 1114 temporis,
409 1043 441 1094 et
461 1032 577 1116 partim
597 1031 631 1094 in
651 1031 771 1094 ratione
793 1029 950 1114 duplicata
962 1029 1160 1093 velocitatis·
1189 1029 1252 1094 Sed
1267 1029 1378 1092 sufficit
1391 1029 1510 1094 aditum
1546 1107 1550 1118 μ

149 1208 152 1214 ,
225 1138 407 1226 patefecisse
429 1140 469 1203 ad
491 1139 573 1203 hanc
595 1139 837 1224 speculationem
858 1139 892 1200 in
915 1137 1183 1221 Propositionibus
1199 1137 1294 1202 VIII.
1313 1149 1344 1201 et
1359 1138 1421 1202 IX.
1438 1161 1509 1225 quae

223 1244 418 1326 praecedunt,
435 1230 589 1310 eteorum
605 1245 796 1310 Corollariis
829 1245 868 1328 (¹¹)
880 1245 919 1308 In
934 1244 1044 1308 iisdem
1054 1246 1161 1331 utique
1171 1266 1230 1328 pro
1245 1246 1384 1329 corporis
1399 1268 1507 1310 ascen-
1527 1251 1531 1262 '

223 1351 327 1415 dentis
349 1353 523 1418 resistentia
545 1355 701 1431 uniformi,
724 1376 795 1439 quae
810 1376 851 1416 ex
866 1353 931 1438 ejus
946 1353 1096 1440 gravitate
1111 1355 1219 1431 oritur,
1244 1355 1387 1419 substitui
1400 1368 1506 1440 potest
1525 1342 1528 1361 ¹
1561 1431 1566 1448 ·

223 1459 399 1523 resistentia
414 1460 585 1538 uniformis,
609 1483 680 1547 quae
694 1461 795 1524 oritur
809 1444 850 1524 eu
864 1461 1028 1524 tenacitate
1043 1461 1147 1538 medii,
1171 1463 1296 1547 quando
1311 1485 1423 1546 corpus
1439 1463 1505 1528 sold

224 1566 254 1628 vi
268 1565 360 1630 insiti
374 1579 534 1643 movetur3
557 1579 589 1631 et
611 1591 741 1652 corpore
762 1567 846 1632 recta
869 1568 1054 1632 ascendente
1077 1567 1191 1633 addere
1206 1571 1278 1636 licet
1291 1569 1373 1635 hanc
1388 1571 1506 1635 unifor-

74 1664 78 1669 ’
158 1698 161 1699 ’
223 1695 305 1736 mem
330 1675 537 1742 resistentiam
560 1675 593 1738 vi
617 1675 793 1762 gravitatis3
823 1673 1017 1843 eandempue
1039 1675 1221 1752 subducere,
1247 1677 1373 1762 quando
1392 1698 1506 1764 corpus

223 1777 308 1869 rectd
322 1780 493 1845 descendit.
540 1781 676 1868 Pergere
691 1781 785 1844 etiam
805 1780 914 1844 liceret
927 1804 946 1843 a
982 1765 1102 1843 motum
1125 1767 1301 1865 corporum,
1329 1783 1442 1867 quibus
1456 1805 1506 1848 re·

189 1945 195 1956 .
222 1889 339 1953 sistitur
359 1891 474 1974 partim
488 1890 693 1966 uniformiter,
715 1889 830 1974 partim
843 1891 878 1951 in
892 1890 1011 1953 ratione
1025 1875 1204 1964 velocitatis,
1228 1900 1260 1952 et
1273 1891 1387 1972 partim
1401 1889 1434 1951 in
1455 1911 1506 1970 ra-

222 1998 306 2061 tione
317 1997 472 2081 duplicata
487 1997 669 2061 velocitatis.
718 1997 761 2060 Et
776 1997 859 2059 viam
874 1997 982 2081 aperui
996 1996 1029 2057 in
1045 1994 1314 2078 Propositionibus
1324 1995 1505 2078 praeceden-

113 2137 119 2145 =
222 2107 304 2169 tibus
320 2106 420 2170 XIII.
436 2118 467 2169 et
483 2105 577 2169 XIV.
594 2106 637 2190 (¹)
652 2106 686 2168 in
701 2104 814 2190 quibus
830 2103 923 2167 etiam
938 2101 1110 2166 resistentia
1125 2100 1296 2176 uniformis,
1320 2121 1390 2185 quae
1406 2101 1505 2164 oritur

221 2240 262 2280 ex
276 2217 441 2280 tenacitate
455 2215 551 2280 medii
567 2237 626 2298 pro
635 2215 666 2277 vi
679 2202 850 2300 gravitatis,
863 2273 864 2282 ,
875 2211 1019 2276 substitui
1040 2221 1153 2294 potest,
1176 2208 1226 2272 vel
1241 2229 1312 2271 cum
1327 2206 1446 2286 eidem,
1469 2218 1504 2272 ut

219 2323 317 2407 prius,
333 2323 488 2409 componi.
533 2321 597 2386 Sed
610 2342 746 2426 propero
761 2321 801 2382 ad
815 2319 884 2383 ulia.

253 2517 288 2580 (¹²)
300 2521 314 2548 *
326 2519 445 2566 Iaiisdem
455 2521 538 2580 utiquc
551 2515 627 2578 (105).
878 2511 1013 2571 exponebat,
1025 2522 1141 2556 summam
1151 2503 1441 2578 gravitatisetresistentiae
1446 2504 1499 2552 uni-

252 2580 288 2644 (ἴ)
306 2585 320 2612 ⁸
332 2585 364 2629 In
383 2587 464 2642 quitur
480 2589 548 2630 etium
565 2581 693 2628 resistentie
714 2580 845 2652 umforma's,
878 2575 960 2622 formis
980 2573 1005 2620 in
1026 2571 1140 2634 predictis
1161 2569 1371 2618 constructlombus
1392 2576 1498 2627 exponet.

111 2633 122 2655 ⁶
220 2645 266 2690 hoc
276 2652 317 2701 est,
334 2645 353 2691 si
364 2658 448 2702 corpus
459 2644 508 2692 solt
517 2645 540 2690 vi
551 2641 621 2690 insite
636 2644 731 2700 feratur,
748 2657 773 2690 m
790 2655 846 2690 cou-
880 2637 1012 2688 Tandemsi
1024 2635 1139 2698 corpusvi
1150 2630 1405 2698 gravitatiadesceudet,
1417 2631 1500 2680 eadem

219 2709 384 2756 strurtIonibus
397 2710 466 2769 Prop.
482 2708 561 2755 XIII.
580 2717 605 2755 et
621 2708 706 2762 xiv„
722 2723 776 2769 qua
791 2717 847 2754 snut
878 2704 993 2769 quantitas
1009 2717 1062 2767 quea
1077 2701 1150 2749 solem
1161 2699 1442 2773 gravitatem-exponebat,
1460 2711 1500 2744 ex-

219 2788 262 2833 pro
272 2774 373 2832 corporis
383 2789 484 2826 amensu,
497 2772 550 2819 Ioco
559 2771 677 2834 gravitatis
687 2772 847 2818 substituenda
878 2783 970 2816 cessum
984 2767 1102 2831 gravitatis
1112 2762 1182 2825 supra
1191 2771 1343 2810 restetenuam
1359 2762 1500 2809 uniformem

218 2845 255 2883 est
264 2838 392 2883 resistentia
401 2836 526 2883 unitormIs
535 2851 588 2897 quoe
601 2837 676 2886 oritur
685 2850 713 2881 ex
724 2836 846 2881 tenacitate
877 2832 904 2879 iu
922 2831 1129 2879 constmctionibus
1144 2844 1196 2891 quae
1212 2835 1267 2901 sunt
1283 2840 1325 2885 pro
1340 2824 1453 2873 descensu
1462 2838 1500 2871 re·

217 2900 289 2946 medii
304 2901 439 2960 ;sicorpus
456 2900 582 2947 ascendens
600 2900 624 2947 vi
641 2899 758 2961 manuus
773 2900 844 2945 etiam
875 2896 1022 2957 presentabit
1033 2894 1130 2958 (catenis
1140 2888 1309 2949 manentibus.)

217 2973 336 3026 urgeatur,
359 2965 475 3027 quantitas
490 2964 532 3010 itu
546 2976 600 3025 qua
617 2964 690 3011 solam
708 2962 843 3024 gravitatem
893 2993 896 2997 -
