3434 5500
256 380 338 484 130Ι
576 415 920 482 PHILOSOPHIAE
943 415 1217 480 NATURALIS
1263 414 1374 494 [Mor.
1392 413 1542 479 Coenos.
1571 435 1575 440 ·

253 587 342 652 fluidi
357 588 568 692 eujuscqnque
583 585 664 668 GH
674 587 700 662 Ι,
718 582 803 671 quod
817 585 956 671 undique
964 585 1117 667 premitur
1130 583 1301 670 aequaliter,
1317 596 1421 680 partes
1436 606 1544 649 omnes

254 718 287 759 se
301 691 411 757 mutui)
425 704 573 776 premunt
587 692 758 777 aequaliter,
774 704 806 756 et
821 692 985 776 quiescunt
999 691 1080 754 inter
1096 715 1138 755 se.
1186 691 1228 766 Q.
1245 714 1272 754 e.
1289 691 1320 754 d.

299 805 367 868 Cas.
384 812 414 867 6.
461 803 567 888 Ιςίῐιπι
577 802 603 864 si
616 801 748 864 fluidum
762 800 841 864 illud
853 801 887 862 in
897 822 969 863 vase
983 821 1048 861 non
1057 800 1160 886 rigido
1176 798 1347 876 claudatur,
1365 812 1396 863 et
1406 799 1544 884 undique

254 936 319 976 non
333 912 683 998 prematur-aqualiten
707 911 796 974 cedet
816 910 901 974 idem
923 909 1076 993 pressioni
1090 909 1220 984 fortiori,
1244 930 1301 992 per
1318 908 1544 972 Definitionem

257 1021 445 1085 Fluiditatis.
491 1072 494 1077 ,
807 1017 810 1022 ’
1418 1085 1420 1090 ,

300 1133 370 1196 Cas.
387 1137 416 1198 7.
462 1131 602 1216 Ideoque
616 1129 649 1191 in
665 1151 736 1192 vase
751 1126 854 1214 rigido
867 1125 999 1189 fluidum
1013 1147 1078 1189 non
1093 1125 1256 1189 sustinebit
1277 1123 1468 1207 pressionem
1482 1121 1545 1185 for·

261 1236 372 1301 tiorem
394 1259 435 1300 ex
455 1258 520 1300 uno
534 1235 631 1299 latere
646 1232 740 1319 quim
755 1254 795 1296 ex
809 1232 881 1309 alic,
906 1231 962 1294 sed
976 1231 1077 1308 eidem
1088 1231 1192 1308 cedet,
1216 1230 1311 1313 idque
1332 1229 1365 1291 in
1387 1238 1545 1290 momento

258 1344 416 1428 temporis,
442 1344 516 1426 quia
528 1343 610 1406 lotus
633 1341 714 1404 vasis
734 1339 873 1426 rigidum
893 1360 958 1402 non
979 1339 1174 1424 persequitur
1199 1339 1351 1423 liquorem
1375 1337 1545 1400 cedentem.

259 1450 410 1515 Cedendo
425 1461 530 1512 autem
543 1447 669 1534 urgebit
682 1445 763 1510 latus
785 1445 973 1529 oppositum,
997 1456 1028 1508 et
1042 1446 1087 1506 sic
1100 1445 1219 1528 pressio
1234 1444 1372 1528 undique
1386 1442 1428 1505 ad
1441 1444 1547 1528 aequa·

257 1556 376 1619 litatem
391 1565 507 1641 verget.
553 1553 596 1616 Et
611 1551 760 1637 quoniam
773 1550 914 1625 fluidum,
932 1547 1026 1634 quim
1040 1549 1177 1632 primum
1192 1571 1212 1624 a
1224 1559 1313 1632 parte
1326 1547 1425 1634 magis
1440 1545 1547 1630 pressei

257 1663 403 1752 recedeqe
418 1674 557 1739 conatur,
573 1661 730 1724 inhibetur
745 1681 803 1742 per
816 1659 1022 1722 resistentiam
1036 1658 1116 1721 vasis
1131 1657 1172 1720 ad
1187 1657 1268 1721 letus
1283 1656 1480 1741 oppositum;
1498 1678 1548 1719 re-

259 1772 391 1836 ducetur
406 1770 525 1855 pressio
540 1768 679 1852 undique
694 1767 735 1830 ad
750 1765 968 1851 aequalitatem,
983 1766 1017 1828 in
1031 1777 1191 1829 momento
1205 1765 1364 1849 temporis,
1381 1765 1447 1828 sine
1461 1776 1548 1828 motu

258 1877 366 1942 loculi:
390 1890 422 1940 et
436 1874 568 1940 subinde
583 1887 686 1958 partes
699 1872 799 1949 fluidi,
824 1895 883 1956 per
899 1874 1016 1937 Casum
1038 1873 1190 1958 quintum,
1218 1896 1251 1937 se
1273 1871 1383 1936 mutub
1404 1882 1547 1956 prement

258 1986 428 2073 aequaliter‚
445 1996 478 2048 et
493 1984 652 2068 quiescent
665 1981 746 2043 inter
761 2003 803 2043 se.
850 1980 892 2055 Q.
908 2003 936 2043 e.
952 1980 982 2042 d.
1513 2059 1515 2064 Ι

304 2095 403 2169 Cerci.
450 2088 546 2153 Unde
562 2109 621 2150 nec
636 2098 738 2149 motus
753 2087 890 2169 partium
905 2084 995 2148 fluidi
1009 2085 1090 2149 inter
1105 2108 1148 2166 se,
1164 2108 1221 2170 per
1235 2087 1428 2170 pressionem
1448 2082 1549 2146 fluido

259 2197 359 2262 ubivis
374 2197 408 2258 in
422 2194 550 2259 externis
566 2192 729 2278 superficie
744 2192 871 2268 illatam,
885 2193 998 2256 mutari
1009 2207 1149 2275 possunt,
1166 2194 1225 2256 nisi
1237 2193 1387 2279 quitenus
1402 2189 1546 2278 abtfigu··
1561 2273 1564 2282 Ι

261 2327 296 2367 ra
306 2302 485 2387 superficiei
499 2301 613 2364 aficubi
628 2310 776 2376 mutatur,
792 2311 845 2361 aut
861 2319 969 2360 omnes
983 2297 1072 2360 fluidi
1086 2310 1189 2381 partes
1205 2299 1356 2364 intensids
1372 2299 1421 2364 vel
1435 2297 1562 2362 remis·¹

261 2409 326 2474 siris
341 2432 409 2474 sese
423 2406 597 2493 premendo
612 2403 767 2469 difficiliris
783 2404 831 2467 vel
845 2401 965 2468 facilius
979 2404 1127 2468 labuntur
1141 2406 1222 2468 inter
1236 2427 1280 2472 sc.

463 2738 481 2775 '
507 2750 791 2817 PROPOSITIO
815 2752 897 2816 XX.
942 2752 1213 2820 THEOREMA
1235 2752 1311 2819 XV.

265 2960 304 3046 (l)
320 2961 355 3025 Si
355 2959 457 3047 fluidi
470 2960 619 3041 spbaerici,
647 2970 676 3023 et
692 2962 726 3022 in
743 2963 909 3045 equalibus
924 2986 944 3026 a
958 2976 1059 3029 centro
1081 2968 1237 3030 distantiis
1257 2966 1436 3049 hoinogenei,
1447 2964 1554 3047 fiendo

306 3073 452 3153 sphaerico
466 3075 650 3135 concentrico
664 3074 856 3153 incumbentis
865 3086 972 3157 partes
986 3079 1112 3160 singalas
1123 3098 1220 3141 versus
1231 3086 1361 3139 emaum
1375 3076 1466 3139 totius
1476 3096 1554 3157 gra-

307 3184 423 3255 vitent3
438 3184 563 3246 sustinet
565 3183 700 3265 fiendum
709 3186 829 3265 pondus
843 3187 986 3267 cylindri,
1004 3184 1085 3267 cujus
1099 3186 1179 3250 basis
1192 3186 1318 3269 aqualis
1333 3193 1375 3248 est
1389 3184 1555 3266 superficiei

295 3292 407 3376 fundi,
423 3302 453 3354 et
467 3294 713 3355 altitude-emm
722 3294 898 3378 7Ψιαῑβιιὶιίἰ
913 3294 1113 3357 inmmbeatis.
1164 3308 1167 3315 '
1389 3302 1391 3307 ’

312 3486 360 3551 Sit
381 3486 415 3549 D
439 3484 476 3548 H
498 3484 539 3548 M
561 3484 741 3568 superficies
762 3484 861 3562 fundi,
889 3499 921 3550 et
943 3488 975 3550 A
999 3486 1028 3550 Ε
1051 3487 1068 3551 Ι
1090 3487 1268 3572 superficies
1293 3486 1433 3571 superior
1455 3483 1553 3548 fluidi.

268 3592 500 3677 Superficiebus
526 3591 686 3674 sphaericis
708 3592 878 3655 innumeris
896 3592 924 3655 B
941 3592 968 3655 F
985 3592 1027 3670 K,
1052 3592 1080 3655 C
1096 3594 1129 3657 G
1143 3594 1173 3656 L
1194 3594 1402 3680 distinguatur
1419 3590 1554 3655 fluidum

267 3702 300 3762 in
319 3701 414 3764 ‹orbes
436 3700 649 3762 concentricos
670 3698 831 3783 aequaliter
853 3720 991 3773 crass0s3
1013 3710 1045 3763 et
1060 3700 1188 3783 concipe
1202 3700 1266 3763 vim
1280 3699 1439 3785 gravitatis
1462 3719 1555 3783 agere

269 3805 465 3869 solummodo
490 3806 523 3866 in
548 3804 744 3887 superficiem
769 3804 962 3887 superiorem
978 3805 1061 3869 orbis
1086 3807 1243 3892 cujusque,
1270 3818 1301 3871 et
1327 3806 1460 3891 aequales
1485 3826 1555 3866 esse

269 3911 405 3976 actiones
419 3916 453 3976 in
467 3911 601 4001 aequales
615 3923 719 3994 partes
734 3910 969 3993 superficierum
987 3912 1137 3975 omnium.
1166 3928 1168 3931 ·
1183 3912 1341 3975 Premitur
1353 3933 1430 3997 ergo
1445 3930 1554 3993 super-

269 4020 355 4083 ficies
369 4042 513 4104 suprema
528 4020 559 4083 A
574 4020 604 4083 E
618 4021 649 4082 vi
664 4019 795 4102 simplici
809 4020 968 4106 gravitatis
987 4020 1134 4104 propriae,
1158 4019 1219 4106 quir
1234 4032 1266 4083 et
1280 4042 1387 4083 omnes
1403 4020 1487 4083 orbis
1501 4042 1554 4083 su·

303 4211 336 4276 (l)
351 4215 403 4259 172.
422 4214 526 4275 distaida·
536 4213 646 4273 qrtaerici,
657 4212 699 4259 &c
736 4210 816 4258 Fluidi
826 4212 892 4274 quie·
922 4212 994 4259 lolam
1000 4220 1033 4269 et,
1044 4209 1350 4275 (exneflnitionemuidum
1358 4208 1555 4257 secundumhanc

269 4276 354 4324 scentis
363 4274 495 4335 superficies
504 4276 535 4322 ad
551 4276 668 4337 gravitatis
677 4274 826 4322 directionem
841 4290 894 4336 per-
927 4275 1076 4323 directionem
1088 4274 1225 4331 movebitur,
1245 4284 1324 4321 contra
1342 4274 1408 4335 Hyp.
1444 4272 1499 4320 Erit
1507 4271 1555 4334 igi·

270 4339 426 4401 pendicularis
441 4347 476 4385 est
490 4340 584 4448 ”biffi'
601 4337 689 4387 etided
700 4339 764 4385 siris
779 4338 899 4401 gravitatis
930 4348 970 4385 tur
980 4353 1033 4399 pers
1043 4337 1152 4400 quelibet
1162 4338 1292 4398 superficiei
1307 4337 1337 4383 ad
1355 4336 1472 4400 gmyitatis
1482 4336 1557 4383 direc-

271 4404 302 4452 ud
318 4413 427 4451 centrum
443 4417 520 4447 unum
552 4403 654 4465 ''gatm,
675 4403 836 4462 sphericaest.
874 4403 899 4450 si
931 4402 1019 4449 tionem
1029 4401 1238 4462 perpendicularis:
1252 4400 1391 4463 etquoniam
1400 4399 1559 4448 nullaestalia

271 4467 335 4514 enirn
354 4465 484 4526 superficiei
500 4464 566 4512 fluidi
582 4481 634 4525 pars
649 4466 767 4527 aliquasd
782 4466 900 4529 gravitatis
932 4466 1070 4527 superficies,
1090 4474 1172 4525 praeter
1182 4465 1323 4525 sphannim,
1342 4479 1395 4526 quae
1405 4465 1464 4511 hanc
1474 4464 1560 4511 babeat

273 4530 425 4577 directionem
436 4530 546 4580 inclinata
556 4529 592 4586 sit,
603 4529 730 4577 resolvatur
741 4530 775 4577 vis
782 4529 902 4593 gravitatis
934 4530 1103 4590 proprietatem,
1121 4538 1149 4576 ut
1158 4528 1227 4577 linear
1234 4544 1318 4577 omnes
1327 4528 1372 4588 ipsi
1382 4526 1559 4589 perpendicula-

273 4594 299 4640 iu
320 4594 379 4641 duas
398 4594 572 4656 viresqumrm
588 4608 638 4639 una
656 4593 805 4641 dirscriomm
819 4594 903 4640 lrabeat
934 4608 970 4644 res
980 4592 1010 4650 cd
1021 4602 1126 4641 centrum
1138 4608 1213 4641 unum
1223 4602 1368 4651 concurrant,
1380 4584 1561 4653 superficiesilla

275 4658 405 4719 superficiei
416 4647 482 4705 fluidi
498 4656 720 4719 perpendicularem,
739 4657 812 4705 altere
826 4656 902 4717 peral-
933 4653 1000 4704 fluidi
1008 4657 1118 4719 sphaerica
1128 4656 1177 4705 erit.
1214 4656 1245 4713 Q„
1258 4654 1314 4705 ed.
