3434 5500
298 428 364 485 290
399 359 422 373 ··
623 418 965 487 PHILOSOPHIAE
988 416 1260 483 NATURALIS
1305 414 1417 495 [Mor.
1435 411 1592 478 Corsos.

1434 605 1478 810 v
1496 606 1586 810 tivit

212 586 221 601 '
295 590 461 677 longitudo
474 590 557 654 inter
565 601 717 675 punctum
729 582 940 673 suspensionis
955 600 986 653 et
997 600 1139 652 centrum
1154 586 1320 651 oscillatio-

296 695 346 759 nis
361 697 402 759 sit
416 695 460 759 A:
477 707 509 759 et
522 717 586 781 quo
599 708 741 779 tempore
754 694 927 779 pendulum
941 694 1019 757 illud
1033 693 1258 758 oscillationem
1272 692 1320 755 in·
1394 642 1424 747 ill

296 816 417 889 tegnam
438 824 479 865 ex
499 802 546 864 itu
560 813 593 865 et
606 801 710 866 reditu
723 801 927 886 compositam
940 802 1072 889 peragit,
1088 801 1198 865 eodem
1210 800 1320 885 pulsus
1415 858 1416 861 ,

297 908 402 970 eundo
427 907 571 971 conficiet
596 907 730 991 spatium
759 906 1016 983 circumferentiae
1040 906 1147 971 circuli
1174 906 1262 972 radio
1289 908 1320 971 A

297 1016 445 1099 descripti
460 1016 589 1101 aequale.

342 1125 426 1189 Nam
440 1126 592 1189 stantibus
614 1146 685 1209 quac
700 1126 732 1188 in
748 1126 967 1211 Propositione
982 1125 1127 1189 XLVII.
1142 1136 1320 1189 constructa

298 1243 381 1308 sunt,¹
408 1232 435 1294 si
456 1230 539 1294 linea
560 1231 678 1316 quaevis
699 1232 828 1316 physica
844 1232 873 1295 Ε
890 1232 927 1309 F,
951 1231 1081 1318 singulis
1095 1231 1319 1296 vibrationibus

298 1333 504 1411 describendo
518 1337 650 1419 spatium
668 1336 695 1400 P
712 1339 745 1414 S,
768 1350 917 1423 urgeatur
931 1338 965 1401 in
980 1338 1127 1403 extremis
1142 1339 1203 1404 itus
1225 1350 1257 1403 et
1270 1361 1320 1403 re-

297 1446 382 1510 ditus
397 1447 546 1530 cujusque
560 1445 719 1508 locisPet
732 1445 764 1521 S,
780 1468 799 1508 a
813 1446 934 1510 vielas·
1109 1472 1115 1481 ·

297 1553 358 1617 tici
381 1546 421 1639 (¹³)
437 1575 508 1637 quae
522 1553 620 1637 ipsius
630 1552 763 1636 ponderi
773 1549 915 1638 aequetur
922 1576 931 1627 ;
1383 1470 1471 1670 iiiiii
1494 1471 1586 1671 iiiiiii
1694 1532 1695 1601 i

298 1676 428 1747 peraget
442 1661 511 1724 haec
521 1660 710 1725 vibrationes
720 1660 858 1747 singulas
870 1683 933 1746 quo
955 1704 958 1709 ·
981 1700 985 1709 ·

298 1780 439 1850 tempore
467 1767 578 1831 eadem
601 1767 635 1829 in
664 1767 814 1853 cycloides,
843 1770 933 1855 cujus

298 1876 467 1960 perimeter
478 1887 542 1939 tota
553 1874 742 1961 longitudini
754 1875 782 1938 P
793 1876 816 1939 S
830 1896 935 1961 aequa·

298 1984 336 2047 lis
351 1995 407 2061 est,
424 1984 557 2047 oscillari
571 1995 692 2067 posset:
715 1982 748 2047 id
763 1982 841 2046 adeb
856 1982 929 2067 quia
990 2007 1021 2057 fl

228 2078 234 2086 ’
299 2094 380 2156 vires
394 2091 529 2176 aequales
541 2090 673 2180 aequalia
683 2090 869 2171 corpuscula
879 2111 936 2174 per

300 2197 535 2283 aequaliaspatia
542 2197 633 2259 simul
639 2196 807 2279 impellent.
825 2197 934 2272 Quare

301 2302 375 2369 crim
398 2304 627 2368 oscillationem
653 2316 795 2387 tempora
821 2304 861 2387 (¹)
878 2304 939 2367 sint

249 2427 254 2446 ¹
300 2412 334 2475 in
360 2410 574 2496 subduplicatsi
601 2410 721 2475 ratione
746 2412 950 2497 longitudinis
975 2410 1195 2496 pendulorum,
1224 2410 1267 2493 (³)
1291 2418 1323 2473 et
1363 2466 1365 2473 Α
1390 2355 1407 2465 ii

300 2513 464 2607 longitudo
479 2518 607 2602 penduli
622 2531 762 2603 aequetur
776 2519 908 2583 dimidio
930 2520 1016 2583 arcui
1037 2518 1187 2605 cycloidis
1209 2519 1322 2593 totiust
1361 2558 1366 2566 ·

301 2624 382 2688 foret
396 2637 519 2706 tempus
534 2623 714 2685 vibrationis
728 2623 823 2687 unius·
835 2624 876 2687 ad
891 2636 1013 2707 tempus
1029 2624 1230 2687 oscillationis
1245 2646 1322 2707 pen·
1360 2666 1363 2675 ι

302 2731 379 2809 duli,
396 2732 483 2813 cujus
496 2730 661 2815 longitudo
676 2745 723 2794 est
738 2732 779 2807 A,
802 2731 836 2794 in
850 2732 1068 2817 subduplicatia
1088 2732 1208 2796 ratione
1222 2732 1323 2818 longi·
1352 2773 1355 2780 =

303 2839 418 2904 tudinis
433 2842 452 2918 l
471 2837 498 2901 P
515 2838 539 2901 S
553 2859 606 2900 seu
622 2837 650 2900 P
667 2837 697 2901 Ο
712 2837 753 2901 ad
775 2838 1001 2924 longitudinem
1018 2841 1058 2904 A.
1106 2840 1169 2904 Sed
1184 2841 1229 2915 vis
1245 2841 1322 2903 elasn

303 2947 374 3021 tica,
396 2944 457 3029 quir
472 2930 585 3006 lineola
599 2928 730 3030 pbysica
745 2946 774 3008 E
791 2947 833 3022 G,
855 2949 888 3008 in
903 2948 979 3010 locis
996 2949 1059 3010 suis
1081 2948 1228 3011 extremis
1245 2949 1281 3022 P,
1301 2948 1323 3010 S

304 3052 449 3126 existens,
476 3061 616 3134 urgetur,
643 3063 710 3115 erat
735 3051 781 3134 (in
806 3045 1071 3118 demonstratione
1096 3041 1322 3137 Propositionis

309 3154 468 3235 XLVII.)
486 3153 524 3239 (²)
540 3155 581 3217 ad
596 3159 660 3240 ejus
675 3156 738 3218 vim
754 3169 851 3220 totam
866 3159 1021 3224 clasticam
1035 3171 1072 3223 ut
1087 3158 1124 3222 H
1140 3159 1169 3222 L
1183 3198 1226 3209 —
1242 3159 1275 3222 K
1290 3159 1323 3222 N
1460 3219 1461 3222 ,

202 3240 205 3253 ¹
285 3262 402 3337 adV,
428 3262 490 3323 hoc
505 3273 552 3324 est
566 3266 650 3345 (cum
666 3275 818 3344 punctum
840 3265 871 3327 K
891 3267 957 3349 jam
977 3266 1094 3328 incidat
1115 3267 1146 3328 in
1172 3267 1211 3346 P)
1236 3267 1273 3351 (⁸)
1289 3278 1324 3329 ut
1391 3164 1464 3378 iiiiii)
1496 3161 1591 3376 iiiiiii

307 3371 344 3435 H
360 3371 393 3433 K
407 3369 448 3432 ad
464 3369 511 3432 V:
536 3369 575 3453 (¹³)
590 3381 622 3433 et
632 3369 681 3433 'vis
696 3369 750 3433 illa
765 3383 839 3448 tota,
857 3373 918 3435 hoc
932 3384 979 3437 est
993 3374 1117 3457 pondus
1132 3375 1323 3451 incumbens,
1498 3377 1500 3380 ’
1552 3377 1566 3382 ”

227 3462 229 3467 ’
306 3463 369 3563 quo
381 3474 497 3552 lineola
513 3475 542 3537 E
558 3475 591 3538 G
606 3477 830 3560 comprimitur,
855 3491 902 3542 est
917 3480 956 3542 ad
972 3480 1240 3563 pondustlineolae
1254 3495 1289 3545 ut
1302 3483 1449 3566 ponderis
1471 3484 1600 3548 incum-
1694 3495 1695 3498 ’

220 3580 224 3586 ’
306 3586 407 3650 beutis
422 3583 554 3648 altitudo
570 3585 601 3647 A
617 3586 654 3659 (⁰)
670 3585 710 3648 ad
724 3585 848 3650 lineolae
864 3578 1091 3677 longitudinem
1108 3587 1137 3651 Ε
1154 3589 1203 3666 G;
1219 3590 1351 3676 ideoque
1366 3606 1406 3654 ‘ex
1421 3614 1522 3676 aequo,
1549 3593 1600 3656 vis

1441 1821 1476 1901 fg

1417 2354 1435 2463 t
1532 2352 1580 2463 ΙΙΙΙ

1503 2353 1522 2465 il

305 3753 451 3814 conspirante
464 3754 534 3801 v'entc
550 3754 679 3812 accelerari,
696 3771 775 3820 neque
785 3753 883 3805 adverso
899 3771 936 3805 re-
967 3763 1036 3808 πνοαὶ
1046 3759 1150 3823 cycloidis
1162 3763 1236 3819 totins,
1248 3777 1289 3822 per
1302 3761 1356 3811 Cor.
1371 3761 1442 3826 Prop.
1459 3764 1488 3811 1..
1501 3771 1529 3810 et
1542 3763 1604 3812 Cor.
1694 3777 1695 3790 ³

306 3816 406 3875 tardari3
422 3817 463 3864 sed
476 3819 509 3864 D.
525 3819 631 3866 Derham
647 3821 813 3880 experimentis
829 3820 937 3870 accurate*
969 3829 991 3871 2.
1007 3823 1078 3884 Prop.
1094 3821 1220 3886 L11.Lib,
1235 3827 1257 3873 1.

307 3879 426 3937 institutis,
437 3881 523 3928 falsum
535 3882 561 3930 id
571 3898 621 3930 esse
631 3885 719 3933 asserit.
1001 3887 1038 3950 (²)
1052 3892 1065 3918 *
1078 3891 1118 3935 Ad
1128 3889 1177 3949 ejus
1187 3892 1234 3937 vim
1245 3893 1436 3940 totamelastr'cam
1444 3891 1468 3937 in
1476 3889 1531 3938 loco
1540 3891 1567 3940 E
1581 3893 1607 3940 G

341 3943 376 4008 (²¹)
386 3948 400 3975 *
415 3949 473 3999 ΟΜ
483 3948 554 4008 ipsim
567 3950 664 4008 ponderi
674 3959 787 4010 aquetur,
799 3958 824 3995 et
833 3965 886 4012 quae
897 3948 938 3996 de·
970 3953 1009 3998 ubi
1017 3951 1125 4012 ,medinm
1137 3953 1241 4014 quiescit,
1253 3963 1288 4010 ut,
1301 3955 1342 4000 &n
1694 3995 1695 4016 ,

308 4018 394 4054 crescat
409 4017 437 4055 ut
452 4009 525 4069 ipsius
542 4009 651 4057 distantia
661 4027 676 4058 a
686 4022 766 4059 centro
785 4013 824 4070 0;
844 4023 939 4074 peraget
1003 4013 1037 4076 (ἢ)
1052 4018 1064 4045 *
1082 4018 1114 4062 Ut
1127 4019 1157 4064 H
1165 4019 1192 4062 K
1202 4021 1232 4063 ad
1248 4016 1273 4064 V.
1310 4017 1371 4064 cam
1382 4027 1496 4077 punctum
1515 4017 1547 4066 K
1565 4019 1605 4066 in·

308 4072 359 4118 brec
370 4073 509 4118 vibrationes
521 4073 626 4135 singulas
641 4090 689 4136 quo
705 4085 810 4136 tempore
820 4078 901 4124 eadem
913 4077 939 4122 in
970 4077 1026 4125 cidit
1036 4078 1061 4123 in
1075 4079 1103 4136 P,
1123 4081 1237 4126 evanescit
1256 4079 1281 4126 K
1294 4081 1319 4126 N
1335 4091 1359 4130 et
1374 4081 1401 4128 fit
1419 4083 1446 4130 H
1460 4077 1528 4129 1,·-
1538 4083 1568 4130 K
1579 4085 1606 4130 N

308 4134 421 4195 cycloide,
441 4136 508 4197 cnjus
523 4137 647 4196 perimeter
657 4148 707 4186 tota
722 4139 865 4201 longitudini
883 4141 904 4187 P
923 4141 939 4187 S
970 4161 1005 4186 =
1015 4141 1043 4188 H
1052 4142 1116 4201 Le:
1127 4144 1153 4189 H
1164 4139 1196 4196 K,
1209 4159 1250 4202 per
1261 4142 1314 4191 Cor.
1327 4151 1346 4191 1.
1354 4143 1422 4192 Lem.
1432 4146 1493 4192 VII.
1504 4146 1567 4194 Lib.
1581 4148 1604 4194 1.
1694 4183 1695 4188 .

309 4261 335 4308 in
350 4261 486 4324 hujusmodi
503 4264 607 4324 cycloide
623 4267 750 4312 oscillantis
760 4267 795 4312 vis
805 4267 889 4314 matrix
906 4276 941 4314 est
972 4271 1032 4325 bens,
1044 4287 1096 4332 quo,
1108 4271 1151 4316 &c
1188 4267 1231 4317 Vis
1242 4272 1334 4318 eleatics
1344 4282 1392 4319 tota
1403 4273 1473 4332 partis
1491 4273 1514 4319 Ε
1531 4275 1556 4320 G
1571 4285 1609 4321 est

309 4341 401 4387 semper
413 4335 440 4372 ut
450 4325 560 4374 distantia
569 4328 767 4389 ipsiusapuncto
783 4331 894 4392 cycloidis
904 4331 940 4376 in·
972 4334 997 4378 in
1017 4333 1145 4394 aequilibrio
1164 4350 1219 4380 cum
1238 4333 1340 4395 pondere
1358 4337 1538 4396 comprimente,
1564 4339 1608 4386 ubi

212 4447 217 4455 ⁶
309 4391 367 4436 fimo
385 4406 428 4437 scu
445 4389 530 4443 medio,
550 4393 616 4438 etin
632 4393 749 4440 altissimis
769 4409 811 4442 seu
830 4395 941 4441 extremis
974 4395 1077 4442 medium
1089 4398 1193 4459 quiescit

310 4456 404 4514 punctis
423 4453 534 4514 cycloidis
553 4455 650 4514 ponderi
669 4457 742 4518 ipsius
761 4467 875 4521 equatur,
901 4473 942 4518 per
1007 4459 1040 4522 (⁶)
1049 4463 1105 4508 *Aa
1112 4465 1199 4510 lineolae
1205 4465 1370 4523 longitudinem
1382 4466 1402 4513 li
1412 4465 1440 4514 G.
1462 4462 1528 4510 Citm
1540 4466 1610 4511 enim

311 4519 367 4565 Cor.
384 4518 454 4576 Prop.
470 4519 516 4564 Ll.
531 4518 584 4565 Lib.
600 4519 621 4566 Ι.
670 4566 673 4570 ,
974 4522 1079 4570 medium
1090 4526 1269 4586 bomogeneum,
1287 4529 1354 4589 cnjus
1364 4526 1463 4574 altitudo
1474 4537 1509 4574 est
1524 4533 1560 4581 A,
1580 4531 1609 4576 sit

342 4581 380 4645 (¹)
393 4585 407 4612 *⁸
420 4584 472 4630 »Sint
487 4585 514 4629 in
530 4586 688 4644 subduplicnta
698 4588 785 4635 ratium
794 4587 944 4647 longitudinis
977 4590 1028 4650 (per
1041 4588 1121 4649 Hyp.)
1133 4590 1238 4651 ejusdem
1252 4589 1370 4638 densitatis
1380 4606 1435 4636 cum
1451 4590 1527 4637 medii
1540 4605 1612 4651 parte

306 4649 465 4706 perutaluram
478 4648 546 4709 (472.
562 4646 616 4693 Lib.
631 4647 668 4708 l.)
975 4651 998 4697 E
1013 4652 1044 4708 G,
1061 4652 1163 4711 pondera
1178 4654 1407 4713 suntutvolnmina,
1419 4655 1518 4713 horest,
1538 4665 1571 4704 ut
1581 4657 1612 4703 li·

243 4777 246 4781 .
343 4708 380 4782 (7)
398 4713 460 4758 “Et
475 4711 593 4772 loagitcdo
603 4715 708 4774 penduli
725 4722 832 4776 oeqaetur
848 4715 942 4763 dimidio
975 4729 1026 4762 neae
1039 4716 1062 4762 A
1075 4717 1130 4766 ctE
1144 4717 1175 4766 G.
1527 4723 1530 4727 “

1694 3929 1695 3976 l

309 4199 406 4260 aequalis
417 4208 458 4254 est,
470 4200 569 4248 oscillari
580 4211 673 4261 posset;
689 4203 745 4263 quia
753 4204 873 4261 particulae
885 4205 907 4250 E
920 4203 940 4250 F
1004 4204 1038 4269 (θ)
1051 4211 1064 4236 ·
1077 4209 1112 4254 Et
1123 4209 1155 4254 vis
1166 4209 1204 4254 illo
1222 4217 1275 4264 tota,
1292 4212 1333 4256 lrac
1344 4219 1384 4262 est,
1398 4213 1489 4270 pondus
1505 4212 1609 4260 incnm-
