3434 5500
182 414 194 512 ss
256 435 318 496 res
554 426 893 494 PHILOSOPHIAE
918 423 1191 492 narniensis
1219 517 1221 528 Ι
1253 423 1360 504 [Mor.
1378 423 1529 503 coenan.

757 929 940 1005 SECTIO
964 929 1011 1004 V.

276 1117 514 1192 Dedcruitote
528 1129 564 1190 et
576 1119 1024 1216 compressionefluidorum‚
1043 1122 1150 1212 deque
1165 1115 1410 1211 nuncnunc.
1429 1115 1487 1213 (*)

645 1316 647 1319 ·
743 1302 896 1368 Definitio
912 1301 1024 1366 Fluidi.
1077 1356 1081 1371 .

247 1470 386 1534 liuidum
401 1479 445 1534 est
457 1489 562 1552 eorpus
576 1491 669 1548 mnne,
683 1469 763 1554 nn'us
772 1479 881 1554 partes
894 1472 1001 1534 cedunt
1015 1472 1046 1534 ui
1059 1473 1218 1556 cuicunque
1229 1472 1334 1548 illotae,
1350 1478 1380 1534 et
1393 1469 1521 1534 cedendo

675 1585 777 1668 facile
790 1593 941 1648 mouentur
955 1585 1034 1647 inter
1048 1605 1087 1647 se.

462 1836 743 1906 PROPOSITIO
764 1835 864 1902 XIX.
908 1832 1179 1900 THEOREMA
1200 1831 1286 1898 XIV

241 2011 349 2074 diuidi
368 2012 539 2093 donogeuei
559 2022 589 2074 et
609 2014 730 2088 immoti,
757 2011 837 2094 quaed
849 2011 883 2072 iu
904 2007 972 2074 uase
992 2029 1160 2092 quoeunque
1181 2009 1298 2070 immoto
1318 2005 1468 2068 clauditur
1488 2000 1519 2065 ed

285 2118 415 2198 undique
428 2099 641 2198 conprimitun
662 2127 769 2199 partes
783 2138 880 2180 omnes
902 2113 1052 2200 (seposuit
1071 2113 1318 2188 condensationin
1341 2110 1517 2194 grovitnis,

284 2229 315 2282 ct
331 2222 438 2282 virium
452 2223 580 2284 omnium
593 2223 824 2304 centru'petusurn
838 2219 1094 2303 consideratione)
1109 2220 1267 2312 aequaliter
1274 2226 1451 2299 prunum
1460 2235 1518 2278 uu·

216 2412 218 2415 ⁸
283 2327 382 2408 dique,
397 2336 427 2390 et
439 2329 600 2392 sinc'ornni
613 2339 693 2392 motu
705 2352 727 2392 a
734 2331 889 2412 pressione
903 2325 959 2391 illd
973 2336 1040 2390 orto
1047 2334 1227 2408 perennent
1241 2327 1274 2388 iu
1288 2327 1360 2390 locis
1374 2325 1443 2388 suis.

211 2494 214 2499 ’
286 2495 353 2560 Cas.
371 2504 398 2560 1.
430 2493 470 2561 In
483 2519 555 2562 vase
570 2495 723 2582 sphaerieo
737 2498 769 2563 A
784 2496 853 2562 Bc
868 2495 1029 2560 claudatur
1043 2505 1075 2558 et
1088 2493 1284 2558 uniformiter
1295 2491 1518 2577 comprimatur

239 2602 369 2666 fluidum
385 2603 538 2687 undique:
561 2603 631 2666 dico
645 2603 730 2689 qnod
744 2601 882 2687 ejusdem
900 2623 972 2687 pars
987 2601 1072 2664 nulla
1086 2621 1127 2664 ex
1140 2599 1193 2662 ills
1205 2601 1365 2684 pressione
1379 2599 1516 2662 movebi-

239 2720 300 2772 tur.
345 2707 428 2771 Nam
443 2707 468 2771 si
482 2728 555 2791 pars
575 2707 679 2795 aliqua
693 2709 727 2773 D
741 2720 910 2787 moveatur,
937 2729 1063 2773 necesse
1084 2718 1132 2771 est
1153 2718 1188 2773 ut
1208 2727 1316 2777 omnes
1337 2703 1516 2794 hujusmodi

240 2824 343 2897 partes
358 2812 399 2876 ad
413 2812 543 2877 eandem
557 2835 577 2877 a
589 2826 698 2879 centro
719 2813 895 2882 dsnndam
915 2814 1053 2904 undique
1075 2814 1285 2891 consistentes,
1310 2812 1402 2877 simili
1426 2822 1515 2875 motu

272 2985 377 3050 (⁸)168.
395 2980 559 3047 Hydrostatiod
569 2981 708 3030 estseientia
718 2982 861 3043 pressionum
894 2983 919 3031 D
935 2972 1039 3031 reetd'D
1053 2972 1117 3031 esd
1132 2981 1230 3043 planum
1248 2980 1270 3028 A
1285 2981 1307 3028 Β
1323 2980 1513 3042 perpendiculari,

239 3064 297 3110 quas
316 3049 389 3096 fluida
399 3048 435 3096 rel
445 3049 548 3108 ipsonrm
563 3056 639 3107 partes
648 3046 673 3093 in
690 3062 715 3093 se
729 3044 814 3095 mutand
825 3047 862 3095 rel
892 3042 926 3095 via'
936 3047 982 3109 qui
993 3062 1077 3107 corpus
1090 3047 1112 3093 N
1124 3054 1226 3109 urgetur,
1238 3056 1366 3093 exnonatur
1376 3060 1417 3105 per
1427 3046 1512 3091 lineam

237 3112 264 3158 in
275 3128 369 3173 corpora
379 3112 452 3159 solida
462 3120 575 3157 exercent·
893 3112 914 3159 C
928 3112 963 3167 H,
982 3120 1006 3159 et
1023 3113 1073 3157 hee
1092 3112 1143 3173 (per
1159 3110 1217 3170 Lag.
1233 3110 1292 3155 Mon
1308 3110 1362 3155 Cor.
1376 3108 1412 3167 9.)
1430 3109 1514 3155 resolvi

273 3181 325 3225 169.
360 3180 474 3226 Fluidum
494 3178 657 3235 icmgeueum
677 3173 768 3233 dieitur,
792 3175 861 3238 enirm
891 3173 974 3237 poterit
984 3176 1009 3221 in
1020 3176 1079 3223 viros
1089 3172 1364 3235 aequipollentasCDet
1376 3172 1445 3219 DH.
1466 3173 1513 3221 Sed

240 3238 340 3288 densitas
350 3253 384 3287 est
394 3239 524 3297 uniformis,
535 3236 594 3286 adesi
603 3249 632 3286 ut
641 3238 752 3286 nimirum
765 3240 862 3303 aequalia
946 3266 948 3271 ·

240 3306 341 3351 materia
361 3305 477 3367 quantitas
497 3305 540 3351 sub
561 3302 717 3350 voluminibus
734 3302 861 3365 aequalibus

240 3368 327 3430 ubique
347 3384 389 3429 per
406 3377 479 3417 totam
499 3366 567 3414 fluidi
586 3380 687 3413 massam
707 3368 859 3425 contineatur,

238 3435 346 3495 fluidum
361 3436 531 3493 heterogeneum
546 3430 674 3491 appeilatur
684 3430 751 3493 eujus
761 3430 862 3479 densitas

242 3497 364 3544 unifonnis
373 3512 421 3544 non
432 3506 474 3543 est·

273 3564 326 3608 170.
355 3562 460 3609 &nudas
469 3560 570 3624 nuc'yiea
580 3556 680 3617 corporis
689 3566 724 3605 est
733 3560 791 3606 ratio
802 3574 861 3619 pon·

241 3620 301 3669 deris
316 3623 419 3685 ejusdem
434 3622 465 3669 ad
475 3622 599 3678 volumem
614 3620 648 3668 ini
657 3629 685 3668 ut
695 3636 790 3683 corpora
799 3624 861 3684 ejus-

242 3685 295 3733 dem
305 3687 421 3750 gravitatis
431 3685 542 3747 specificae
550 3684 656 3733 dieantur
666 3700 719 3748 qua
729 3688 773 3733 sub
783 3702 861 3749 equa·

241 3749 302 3796 libus
317 3751 473 3798 voluminibus
488 3749 576 3812 sequals
590 3749 681 3809 pondua
690 3749 789 3808 habent;
808 3766 860 3809 spe·

242 3812 306 3861 essee
321 3814 425 3876 &ariera
441 3814 477 3861 rel
493 3813 578 3860 leviora
595 3827 648 3874 qua
669 3814 712 3860 snb
733 3813 861 3875 aequalibus

243 3876 397 3925 voluminibus
407 3879 482 3939 majus
497 3877 534 3923 vel
549 3876 627 3923 minus
641 3877 733 3937 pondus
743 3878 860 3936 eontinet;

241 3939 312 4001 quand
328 3957 382 3988 cum
401 3941 501 3988 densitas
518 3941 548 3987 sit
566 3940 624 3987 ratio
643 3955 725 3989 massae
745 3939 776 3987 ad
794 3941 860 3989 volu-

239 4019 294 4050 men
304 4005 404 4065 eorporis
415 4007 449 4068 (2.
464 4005 517 4053 Lib.
531 4003 566 4065 1.)
586 4004 627 4051 ubi
644 4004 747 4065 pondera
761 4014 817 4053 sunt
831 4014 859 4053 ut

187 4117 192 4121 ,
239 4082 326 4122 masse,
338 4070 459 4131 gravitates
469 4067 580 4128 specificae
590 4076 646 4115 sunt
653 4068 815 4116 ntdensitatea

272 4137 326 4181 171.
343 4132 449 4180 Lemma.
468 4136 765 4194 Preniouesquaseospora
775 4135 859 4195 queuis

238 4199 265 4245 in
275 4214 298 4245 se
308 4196 383 4245 mnus
394 4206 503 4252 enecent,
507 4195 649 4262 finntjuctd
659 4199 791 4245 directiones
797 4214 858 4245 cons-

238 4264 306 4309 muni
321 4264 390 4323 plano
407 4261 550 4323 corningenti
561 4262 804 4322 terminationem
815 4276 859 4321 per

234 4335 353 4388 punctum
363 4326 519 4386 contingentia
526 4328 655 4372 mnrdem
663 4340 783 4385 caporum
793 4333 859 4373 nan·

237 4400 312 4438 nunt.

272 4454 363 4514 Corpus
379 4452 405 4499 N
415 4450 438 4498 ri
448 4448 551 4514 quilibet
564 4451 693 4499 seeundum
707 4450 857 4499 directionem
888 4470 972 4515 eorpus
991 4456 1020 4503 M
1038 4454 1134 4503 minime
1150 4456 1262 4515 premitur
1271 4456 1294 4501 vi
1307 4456 1331 4503 D
1345 4454 1371 4501 H
1383 4452 1515 4501 secundnm

241 4515 423 4580 FCurgeatur,
443 4524 595 4577 tangaturque
605 4516 630 4561 in
642 4515 667 4562 D
678 4530 797 4575 acarpore
813 4516 858 4573 M;
890 4520 1040 4566 directionem
1051 4520 1114 4579 plani
1124 4520 1244 4567 contectos
1259 4527 1357 4581 agente3
1376 4516 1447 4579 quare
1463 4516 1516 4565 sold

123 4558 129 4580 ⁴
211 4577 214 4584 ⁴
239 4580 378 4638 produeatur
390 4582 411 4628 F
423 4581 444 4628 C
458 4588 486 4627 ut
496 4578 566 4638 plano
583 4579 641 4627 AB
656 4576 719 4639 quod
733 4588 859 4645 utrumque
890 4582 914 4629 ri
926 4583 980 4637 c,1)
991 4582 1021 4629 ad
1031 4582 1127 4641 planum
1140 4584 1162 4629 A
1174 4583 1196 4629 B
1207 4583 1305 4629 normali
1315 4592 1337 4629 et
1347 4596 1389 4641 per
1399 4589 1515 4639 punctum

239 4656 323 4705 eorpus
333 4646 448 4709 confingis
457 4644 483 4690 in
495 4643 520 4690 D
531 4652 635 4691 occurrat
644 4642 670 4689 in
681 4642 717 4699 Η,
734 4641 806 4691 duest
820 4657 862 4704 per
893 4645 1012 4693 contactis
1025 4646 1049 4693 D
1060 4656 1191 4693 transeunte
1201 4646 1319 4707 premitur.
1357 4646 1387 4701 Q.
1400 4658 1420 4691 e.
1434 4643 1457 4691 d
