3434 5500
222 417 284 474 144
521 401 861 474 PHILOSOPHIAE
886 400 1158 468 NATURALIS
1221 397 1330 478 [Mor.
1348 397 1501 465 Corsos.

406 740 689 806 PROPosmo
713 740 849 806 XXIII.
894 735 1166 806 THEOREMA
1189 731 1319 800 XVIII.

221 935 359 1022 &fluent
372 957 409 998 ea
417 937 583 1018 particulis
595 956 627 997 se
640 944 740 997 mutuo
748 934 942 1018 fiegientibns
952 933 1105 1014 compositi
1119 931 1251 993 densitas
1264 930 1305 992 sit
1318 936 1352 988 nt
1365 945 1509 1007 omnpres·

263 1041 318 1121 sio,
335 1045 413 1108 vires
426 1045 603 1128 centrffiegae
610 1046 833 1127 partinelarnnr
847 1052 917 1105 sont
930 1037 1079 1123 reciproce*
1094 1039 1339 1120 proportionales
1353 1034 1509 1097 distantiis

262 1161 429 1214 oenomnm
452 1171 580 1214 monent
624 1150 746 1214 Etoiee
759 1147 855 1224 oersd,
875 1149 1039 1230 porticula
1059 1143 1171 1208 viribus
1192 1165 1259 1228 qna
1278 1151 1346 1206 sunt
1359 1137 1510 1223 reciproce*

257 1257 506 1339 proportionales
520 1259 677 1322 distantiis
691 1265 857 1318 centrorunr
873 1276 990 1318 deornm
1004 1275 1036 1316 se
1049 1262 1148 1316 mutuo
1160 1250 1320 1333 fagientes
1333 1254 1509 1330 componunt

259 1365 395 1451 fluidomt
410 1366 570 1442 elostieum,
586 1363 669 1446 eujus
682 1365 815 1426 densitas
829 1372 872 1426 est
887 1362 1095 1443 compressioni
1103 1358 1355 1441 proportionalis.

261 1549 387 1616 Includi
400 1551 591 1640 intelligatur
604 1551 736 1614 fluidum
749 1552 785 1614 in
799 1552 900 1636 spatio
915 1551 1026 1615 cubico
1041 1552 1071 1615 A
1086 1549 1114 1612 C
1130 1549 1169 1625 E,
1192 1548 1266 1612 dein
1281 1545 1509 1631 compressione

221 1658 323 1746 redigi
336 1660 370 1722 in
385 1660 520 1744 spatium
534 1660 679 1724 cubicum
700 1661 804 1723 minus
825 1683 845 1722 a
859 1682 877 1722 c
892 1681 927 1734 e;
952 1671 984 1722 et
1003 1657 1235 1742 particularum,
1263 1654 1395 1718 similem
1416 1653 1509 1716 situm

221 1767 304 1832 inter
317 1791 351 1834 se
360 1770 394 1832 in
409 1780 542 1856 utroque
557 1769 658 1854 spatio
673 1769 889 1845 obtinentium,
914 1767 952 1851 (ὓ)
968 1766 1121 1830 distantiae
1136 1776 1228 1829 enmt
1241 1777 1276 1827 ut
1291 1763 1443 1828 cuborum
1462 1761 1509 1824 la·
1574 1813 1589 1830 .

220 1887 289 1940 tera
305 1878 337 1941 A
352 1877 392 1955 B,
415 1878 488 1953 nb;
511 1879 548 1962 (θ)
564 1890 596 1942 et
609 1877 785 1942 mediorum
799 1877 966 1942 densitates
982 1873 1140 1960 reciproce
1155 1887 1190 1938 ut
1205 1875 1305 1959 spatia
1319 1870 1508 1938 continentia

221 1985 253 2048 A
268 1983 298 2047 Β
313 1985 383 2048 cub.
399 1995 431 2048 et
451 1985 506 2048 ab
521 1985 592 2049 cub.
636 1984 675 2048 In
698 1985 770 2047 cubi
793 1984 918 2069 majoris
940 1983 1035 2046 latere
1057 1983 1151 2066 plano
1174 1982 1206 2045 A
1221 1981 1250 2044 B
1267 1981 1294 2045 C
1310 1981 1343 2045 D
1368 1979 1507 2063 capiatur

222 2090 410 2176 quadratum
435 2094 469 2157 D
493 2093 521 2156 P
549 2091 669 2178 aequule
692 2091 738 2155 la-

221 2197 282 2260 teri
303 2198 399 2282 plano
420 2199 491 2263 cubi
513 2200 643 2263 minoris
664 2199 740 2275 db;

222 2314 255 2369 et
269 2326 311 2368 ex
324 2304 501 2392 hypothesi,
522 2307 653 2392 pressio,
677 2307 739 2394 qud

224 2411 411 2496 quadratum
421 2415 457 2478 D
471 2414 599 2502 Purget
606 2415 737 2479 fluidum

121 2546 123 2549 ·
221 2518 388 2600 inclusum,
406 2523 465 2586 erit
479 2523 520 2586 sd
533 2524 738 2607 pressionem,

226 2627 288 2713 qud
310 2629 389 2693 illud
410 2631 597 2715 quadratum
614 2631 740 2694 dbur·
789 2672 808 2721 d

225 2747 280 2821 get
293 2735 424 2799 fluidum
438 2736 603 2813 inclusum,
626 2749 661 2802 ut
674 2760 739 2801 me·

226 2842 270 2905 dii
285 2842 452 2907 densitates
467 2846 508 2908 ad
522 2846 665 2923 invicem,
678 2846 739 2910 hoc

224 2961 281 3025 est,
305 2962 341 3014 ut
354 2973 374 3012 a
387 2951 409 3013 b
424 2953 495 3018 cub.
511 2952 552 3015 ad
568 2955 598 3016 A
615 2951 643 3016 B
663 2952 734 3017 cub.

226 3056 289 3122 Sed
302 3059 431 3141 pressio,
449 3060 510 3145 quir
525 3063 714 3148 quadratum
726 3063 760 3126 D
777 3060 805 3125 B
820 3073 911 3148 urget
925 3059 1057 3125 fluidum
1071 3060 1235 3138 inclusum,
1259 3073 1307 3125 est
1321 3061 1362 3125 ad
1376 3060 1512 3147 pressio·

223 3184 306 3240 nem,
322 3164 382 3250 qud
398 3167 585 3252 quadratum
599 3169 633 3233 D
650 3169 678 3233 P
691 3166 782 3255 urget
796 3168 881 3231 idem
893 3168 1035 3244 fluidum,
1052 3179 1087 3230 ut
1098 3167 1283 3252 quadratum
1293 3168 1328 3232 D
1341 3169 1370 3232 B
1385 3168 1425 3231 ad
1434 3190 1513 3253 que-

224 3270 350 3335 dratum
364 3275 398 3338 D
415 3276 452 3353 P,
467 3275 528 3339 hoc
543 3290 599 3355 est,
615 3291 651 3343 ut
666 3279 696 3341 A
714 3277 742 3342 B
757 3275 851 3364 quad.
863 3278 904 3341 ad
915 3300 934 3340 a
947 3277 969 3340 b
984 3276 1077 3363 quad.
1123 3277 1220 3365 Erg0,
1245 3301 1284 3342 ex
1294 3296 1399 3365 'aequo,
1422 3297 1512 3362 pres-

224 3378 271 3443 sio
286 3378 348 3465 qud
363 3381 550 3466 quadratum
565 3382 599 3447 D
616 3384 644 3447 B
659 3397 750 3473 urget
762 3384 905 3461 fluidum,
922 3395 969 3447 est
983 3382 1024 3447 ad
1038 3384 1231 3467 pressionem
1246 3384 1307 3471 qut
1322 3386 1512 3472 quadratum

224 3488 246 3551 d
260 3489 283 3552 b
297 3503 388 3577 urget
402 3492 543 3570 fluidum,
559 3505 595 3556 ut
610 3516 628 3557 a
642 3494 664 3557 b
679 3494 720 3557 sd
735 3494 766 3557 A
784 3494 822 3557 B.
869 3492 974 3557 Planis
991 3492 1063 3559 FG
1079 3493 1126 3571 H,
1150 3493 1198 3581 fg
1213 3494 1245 3571 h,
1268 3494 1442 3579 permedia
1457 3484 1512 3557 cu-

223 3596 336 3659 borum
351 3597 463 3676 ductis,
480 3599 688 3687 distinguntur
700 3601 832 3665 fluidum
846 3591 881 3663 in
895 3601 971 3664 duas
985 3613 1100 3685 partes,
1118 3600 1156 3685 (ἀ)
1167 3614 1199 3665 ct
1209 3602 1259 3665 hae
1271 3625 1304 3665 se
1317 3615 1428 3666 mutuo
1439 3624 1511 3688 pre-

224 3693 311 3766 ment
325 3704 436 3769 iisdem
450 3704 576 3782 viribus,
593 3706 705 3791 quibus
719 3720 905 3791 premuntur
920 3730 938 3770 a
952 3707 1052 3793 planis
1067 3709 1098 3771 A
1111 3709 1149 3785 C,
1165 3732 1185 3772 s
1199 3732 1226 3786 c,
1242 3709 1304 3773 hoc
1319 3722 1375 3786 est,
1388 3708 1421 3772 in
1435 3732 1511 3794 pro-

224 3808 368 3893 portione
391 3835 411 3874 ιι
431 3812 509 3875 bad
525 3813 556 3875 A
572 3812 619 3877 B:
642 3812 776 3901 ideisque
801 3838 882 3881 mres
908 3816 1100 3903 centrifirgae,
1130 3818 1243 3901 quibus
1264 3819 1315 3881 hae
1336 3819 1511 3903 pressiones

225 3916 426 3997 sustinentur,
443 3924 565 3985 suntin
579 3922 689 3987 eidem
703 3924 834 3989 ratione.
880 3925 933 3989 Ob
947 3926 1082 3990 eundem
1101 3928 1324 4010 particsdarum
1346 3950 1511 3993 numerum

209 4024 416 4124 Admilemque
431 4031 525 4094 situm
538 4032 572 4095 in
587 4044 723 4119 unoque
737 4034 828 4112 cubo,
844 4036 926 4101 vires
941 4058 1018 4122 quas
1032 4036 1193 4120 perticulae
1207 4061 1315 4103 omnes
1339 4038 1510 4104 secundum

223 4131 319 4217 plana
335 4133 362 4197 F
378 4133 411 4199 G
423 4136 470 4214 H,
485 4136 534 4226 fg
547 4138 570 4201 h
585 4153 732 4205 exercent
746 4141 779 4204 in
794 4164 913 4219 omnes,
938 4153 1011 4206 sunt
1025 4155 1060 4207 ut
1073 4144 1155 4207 vires
1169 4166 1247 4229 quas
1269 4146 1400 4234 singulae
1422 4168 1512 4210 exer·

256 4323 292 4388 (b)
304 4326 318 4356 ⁴
331 4324 458 4375 Distantia
468 4338 539 4376 erum
549 4338 576 4379 ut
587 4332 701 4381 odmen
710 4334 782 4381 latero
789 4334 814 4380 A
821 4335 854 4391 B,
887 4334 931 4380 dec.
966 4331 1101 4381 Pressiones
1111 4334 1173 4381 enim
1185 4334 1209 4382 in
1220 4350 1363 4399 unoquoque
1373 4337 1446 4398 spatio
1456 4349 1513 4383 sunt

224 4402 240 4433 a
250 4390 272 4443 l,
283 4402 325 4449 per
336 4388 437 4437 Lemma
446 4389 477 4438 V.
490 4390 545 4439 InIs.
559 4392 582 4439 1.
887 4396 974 4459 ubique
991 4398 1105 4473 equalem
1130 4413 1186 4473 uam
1203 4399 1258 4449 cnm
1279 4400 1380 4477 fluidum
1394 4400 1513 4449 uniforme

259 4478 294 4542 (ι)
303 4475 359 4531 Ἢ
370 4482 497 4531 mmm
508 4486 637 4543 mim,
645 4496 681 4544 m,
689 4487 730 4534 &o
741 4490 771 4535 ob
777 4487 855 4535 dmm
886 4470 1038 4539 supponatur,
1058 4478 1077 4508 ss
1112 4477 1123 4507 r
1166 4477 1181 4510 ο
1198 4479 1274 4511 ιιιιιιοι
1360 4481 1386 4512 ιιι
1396 4479 1444 4511 uno

226 4538 680 4616 sennonem
694 4548 748 4599 n·
762 4552 806 4613 n·
887 4524 1513 4643 mninstro

260 4639 294 4702 (⁶)
307 4645 320 4673 ⁸⁸
334 4645 368 4691 Et
378 4646 415 4692 lte
425 4661 448 4693 se
458 4653 539 4695 mutuo
547 4642 654 4707 mensem
664 4650 744 4697 dodim
759 4630 854 4727 viribus,
887 4659 933 4709 tur,
945 4660 972 4700 ut
982 4604 1007 4699 dr
1020 4605 1113 4703 Cosup6.
1129 4652 1198 4717 Prop.
1211 4608 1288 4703 XXX
1394 4609 1418 4642 es
1445 4608 1462 4641 u
