3434 5500
134 435 253 498 Lrara
270 433 438 510 Sacram]
487 423 731 496 PRINCIPIA
761 428 1135 497 MATHEMATICA.
1326 373 1330 379 '
1373 443 1441 514 227,

188 647 191 654 ’
304 687 587 756 raorosmro
610 686 798 752 xxxvii
844 685 1115 753 rnnoanna
1138 687 1275 753 xxrx.

137 865 293 952 cylindri,
310 865 363 946 qni
378 865 411 925 in
420 863 526 948 fluido
541 881 703 942 compresso
727 860 847 940 iryinito
862 870 891 921 et
905 882 965 921 non
987 862 1109 939 elastieo
1126 865 1282 925 secundum
1302 865 1434 947 longitu-

184 976 284 1037 dinem
298 993 382 1034 nnn
393 973 447 1032 nni
460 973 583 1033 ormiter
588 971 796 1052 progreditur,
811 970 993 1044 resistentia,
1010 990 1077 1051 qna
1087 972 1185 1032 oritur
1193 993 1214 1032 o
1225 975 1434 1056 magnitudine

181 1079 321 1144 sectionis
343 1087 538 1170 transversa,
553 1084 596 1138 est
609 1076 653 1136 ad
666 1075 724 1137 oin
742 1071 801 1156 qud
820 1084 899 1136 totns
916 1072 978 1156 pus
997 1085 1099 1151 motin,
1132 1078 1248 1139 intereo
1267 1081 1335 1140 dnm
1357 1101 1433 1162 qua-

181 1186 322 1266 druplum
337 1183 537 1264 longitudinis
551 1201 612 1243 sace
622 1179 771 1254 describit,
788 1181 835 1242 nel
844 1180 913 1242 tolli
921 1181 1019 1261 possit
1032 1183 1078 1243 vel
1082 1185 1235 1264 generari,
1251 1194 1286 1246 nt
1299 1187 1433 1249 densitas

182 1295 276 1358 medii
291 1295 334 1356 ad
347 1293 522 1355 densitatem
537 1291 669 1374 cylindri
683 1284 915 1372 quamproairni.
1135 1289 1139 1294 ’

185 1467 270 1531 Nam
293 1468 319 1530 si
340 1489 394 1530 vas
417 1466 448 1529 A
465 1465 493 1529 B
509 1465 542 1528 D
560 1465 587 1528 C
609 1463 707 1527 fundo
730 1486 787 1528 suo
812 1463 842 1528 C
865 1465 899 1528 D
926 1463 1121 1547 superficiem
1146 1485 1237 1549 aquae
1259 1468 1431 1550 stagnantis

138 1586 257 1660 tangat,
281 1585 313 1636 et
327 1595 408 1658 aqua
422 1593 463 1634 ex
477 1571 538 1634 hoc
552 1593 624 1635 vase
639 1591 697 1654 per
711 1570 851 1634 canalem
866 1569 1072 1654 cylindricum
1096 1569 1124 1632 E
1141 1570 1168 1632 F
1184 1570 1216 1632 T
1233 1571 1256 1634 S
1276 1571 1432 1635 horizonti

137 1681 429 1768 perpendicularem
451 1680 485 1742 in
511 1701 623 1765 aquam
649 1691 844 1766 stagnantem
870 1676 984 1754 effluat,
1014 1677 1134 1740 locetur
1157 1692 1261 1742 autem
1287 1675 1431 1744 circellus
1525 1692 1529 1700 “

140 1790 168 1853 P
183 1789 217 1865 Q
236 1787 392 1852 horizonti
411 1785 577 1870 parallelus
593 1787 692 1850 ubivis
707 1786 739 1850 in
754 1786 859 1850 medio

139 1896 264 1972 canalis,
288 1907 320 1959 et
340 1893 531 1978 producatur
553 1893 625 1956 CA
643 1892 683 1957 ad
698 1893 740 1970 K,
763 1906 799 1958 ut
820 1895 859 1957 sit
969 1874 1009 1945 K
1012 1936 1148 1950 .................
1148 1879 1168 1949 Ῑ.
1171 1941 1329 1954 ..................
1328 1882 1359 1986 ¹1¹

139 2005 170 2068 A
188 2003 220 2066 K
235 2003 277 2066 ad
294 2003 322 2065 C
340 2001 372 2064 K
394 2001 427 2063 in
446 1985 603 2084 duplicatis
623 2000 743 2065 ratione
766 2023 859 2087 quam
950 1950 1168 2078 ΑΗ
1171 1989 1328 2003 ””””””””””

136 2110 232 2174 habet
248 2131 393 2174 excessus
410 2109 519 2172 orificii
535 2108 650 2172 canalis
672 2109 701 2173 E
718 2110 745 2173 F
766 2132 859 2194 supra
1160 2101 1167 2149 ³

138 2218 301 2283 circellum
325 2217 352 2282 P
367 2218 402 2294 Q
416 2218 456 2285 ad
470 2217 629 2282 circellum
645 2219 677 2282 A
693 2217 739 2281 B:
761 2219 859 2280 mania

136 2324 250 2390 festum
266 2338 316 2389 est
338 2329 409 2409 (per
425 2325 497 2390 Cas.
511 2333 541 2390 5.
559 2325 630 2388 Cas.
647 2335 677 2390 6.
693 2337 724 2390 et
740 2325 813 2389 Cor.
832 2335 861 2390 1.

137 2538 325 2604 transeuntis
347 2560 404 2622 per
434 2539 570 2623 spatium
600 2540 752 2604 annulare
780 2541 863 2604 inter
906 2568 909 2581 ¹

138 2647 299 2712 circellum
310 2657 342 2708 et
350 2647 448 2710 latera
458 2646 548 2724 vasis,
560 2669 597 2710 ea
608 2648 666 2711 erit
676 2669 769 2732 quam
781 2668 862 2731 aqua

16 2814 17 2817 ,
137 2755 279 2821 cadendo
294 2767 325 2818 et
339 2774 413 2817 casu
428 2776 485 2817 suo
500 2754 707 2819 describendo
725 2752 861 2841 altitudi-

16 3088 30 3171 ἱ.
137 3076 218 3139 vasis
244 3074 377 3139 latitudo
399 3076 439 3139 sit
464 3076 595 3155 infinita,
626 3078 665 3161 (⁸)
688 3089 726 3140 ut
745 3077 861 3141 lineola
901 3074 907 3129 l

136 2886 211 2929 nem
228 2862 260 2927 K
278 2861 402 2928 Cvell
419 2862 452 2927 G
467 2862 627 2948 acquirere
642 2874 755 2947 potest.

179 2970 226 3042 Et
241 2975 311 3053 (per
328 2968 433 3033 corol.
454 2979 503 3034 10.
522 2970 617 3054 Prop.
635 2967 817 3048 XXXVI.)
834 2970 859 3031 si
903 3023 907 3069 Ι

904 3154 1335 3181 Μ.

140 3182 175 3245 H
193 3184 210 3247 1
233 3194 396 3247 evanescat
417 3197 449 3249 et
473 3184 650 3249 altitudines
671 3184 747 3263 1G,
772 3184 809 3249 H
826 3184 859 3250 G

140 3311 320 3383 aequentur:
346 3299 393 3362 vis
414 3322 504 3385 aquae
518 3300 683 3364 defluentis
698 3300 732 3362 in
747 3300 905 3365 circellum
921 3303 980 3367 erit
994 3302 1035 3365 ad
1048 3300 1172 3385 pondus
1192 3297 1325 3384 cylindri
1340 3298 1428 3381 enjus

139 3404 219 3469 basis
234 3418 282 3470 est
296 3406 437 3469 circellus
453 3406 505 3470 ille
520 3420 552 3471 et
566 3408 697 3471 altitudo
712 3416 759 3471 est
773 3413 793 3489 ᾗ
811 3409 827 3471 1
844 3409 887 3485 G,
903 3423 939 3473 ut
954 3410 983 3474 E
1000 3409 1027 3472 F
1036 3432 1057 3495 q
1071 3407 1112 3471 ad
1128 3406 1157 3469 Ε
1170 3405 1308 3490 Ὲᾳ-ᾖ
1323 3404 1350 3467 Ρ
1363 3403 1428 3487 Qq

27 3572 31 3579 .
141 3511 385 3597 quamproximds
432 3513 515 3576 Nam
539 3516 583 3577 vis
606 3534 704 3599 aquae,
729 3514 768 3597 (P)
783 3515 931 3579 uniformi
952 3527 1040 3579 motu
1061 3513 1225 3578 defluentis
1247 3534 1304 3597 per
1326 3523 1427 3575 totum
1518 3506 1522 3510 ’

141 3618 290 3695 canalem,
325 3618 434 3683 eadem
461 3620 521 3683 erit
549 3620 582 3682 in
611 3620 768 3684 circellum
800 3621 828 3684 P
852 3621 885 3698 Q
913 3623 946 3685 in
976 3620 1161 3707 quiscunque
1194 3618 1310 3684 canalis
1338 3630 1427 3701 parte

141 3721 287 3787 locatum.

186 3830 383 3895 Claudantur
392 3835 458 3919 jam
473 3808 723 3902 canalis‘orificia
739 3836 815 3911 EF,
835 3836 908 3913 ST,
925 3847 956 3898 et
969 3834 1117 3899 ascendat
1132 3833 1273 3897 circellus
1288 3833 1322 3895 in
1329 3832 1429 3897 fluido

141 3938 278 4023 undique
300 3962 488 4025 compresso,
513 3956 544 4006 et
558 3966 686 4007 ascensu
708 3966 766 4007 suo
788 3959 880 4032 cogat
897 3968 1008 4030 aquarn
1030 3943 1222 4029 superiorem
1241 3942 1430 4007 descendere

140 4064 196 4125 per
210 4046 345 4128 spatium
361 4047 511 4110 annulare
526 4048 608 4111 inter
622 4048 782 4112 circellum
796 4062 827 4113 et
841 4048 938 4112 latera
953 4050 1084 4114 canalis:
1108 4063 1140 4113 et
1154 4047 1300 4111 velocitas
1314 4048 1430 4112 circelli

141 4153 337 4217 ascendentis
353 4154 412 4217 erit
426 4153 466 4218 ad
481 4157 674 4221 velocitatem
690 4180 779 4243 aquae
795 4157 1011 4224 descendentis
1034 4162 1071 4245 (⁰)
1086 4154 1122 4223 ut
1135 4159 1310 4223 differentia
1331 4159 1430 4224 circu·

16 4238 17 4287 ³
140 4262 241 4328 rorum
258 4264 288 4327 n
305 4265 377 4330 res
394 4266 421 4330 P
437 4267 470 4344 Q
485 4267 525 4331 aa
540 4267 690 4331 caenum
714 4267 801 4346 PQ,
828 4281 860 4333 a
880 4270 1027 4333 varocus
1043 4269 1158 4334 carcar
1173 4268 1367 4335 acenceres
1389 4266 1430 4329 aa

16 4776 19 4865 l

143 4955 146 4961 ,

171 4457 207 4521 (²)
220 4462 234 4491 ·
251 4462 284 4509 Ut
293 4462 375 4513 lineola
388 4463 418 4509 H
426 4461 444 4509 I
451 4472 576 4510 nauseat.
613 4463 660 4511 Per
673 4464 727 4511 Cor.
743 4469 763 4510 1.
801 4464 931 4512 uniformes
941 4472 996 4512 sunt
1006 4475 1034 4512 ut
1045 4465 1118 4527 spatia
1128 4467 1210 4515 eodem
1218 4477 1321 4526 tempore
1329 4460 1430 4523 descap-

142 4520 209 4581 Prop.
225 4523 374 4570 XXXVII.
388 4534 429 4571 aut
440 4526 637 4587 (pernostra).
800 4539 840 4586 ta;
859 4528 899 4575 sed
916 4527 1061 4575 internarium
1077 4530 1179 4577 circulus
1194 4532 1215 4577 P
1230 4530 1363 4587 Qspatium
1375 4526 1431 4571 soli·

171 4585 204 4649 (θ)
222 4591 236 4617 ·
253 4589 372 4651 [1πᾷοωὶ
386 4597 451 4638 motu
466 4592 589 4654 dejtuentis
606 4590 658 4654 (per
676 4590 728 4639 cas
742 4598 765 4640 6.
801 4592 869 4648 dum,
881 4608 922 4639 seu
933 4593 1064 4653 cylindrum
1078 4594 1164 4649 PQx
1177 4595 1200 4641 R
1211 4592 1325 4647 describit,
1334 4590 1430 4639 descen

142 4647 211 4708 Prop.
225 4650 380 4727 XXXFL).
406 4718 411 4729 Ι
457 4718 463 4729 Ι
801 4656 836 4705 dit
847 4672 916 4718 aqua
926 4658 1042 4719 quantitas
1049 4656 1104 4705 huic
1111 4656 1215 4718 cylindro
1223 4655 1431 4718 oeqrrdiaetprop-

171 4712 205 4778 (⁸)
217 4717 231 4746 ⁰
248 4718 281 4765 Ut
296 4717 425 4782 dfferentra
441 4719 588 4767 wadnam.
625 4718 768 4767 velocitate·
800 4718 865 4768 terea
883 4720 982 4768 altitudo
997 4722 1110 4770 remoelu
1124 4736 1166 4782 per
1181 4735 1252 4784 quam
1262 4733 1323 4783 aqua
1336 4717 1432 4766 dmen-
1535 4732 1541 4740 ’
