3434 5500
258 445 320 504 150
568 424 910 495 PHILOSOPHIAE
932 419 1206 489 NATURALIS
1273 416 1383 496 [Mor.
1396 414 1546 480 Consua.

299 611 398 674 coru.
415 615 447 672 5.
472 605 520 689 (m)
531 605 574 668 Et
585 591 810 676 universaliter,
826 597 982 684 quantitas
996 591 1135 657 materiae
1150 587 1298 674 pendulae
1312 597 1359 651 est
1372 596 1409 649 ut
1422 583 1547 670 pondus

214 740 218 750 ‘
255 729 287 782 et
301 715 488 803 quadratum
502 709 651 794 temporis
666 706 794 784 directe,
810 718 843 769 et
855 701 1022 789 longitudo
1036 697 1167 784 penduli
1181 693 1311 759 inverse.

300 827 399 890 Curet.
416 832 447 888 6.
480 821 543 886 Sed
559 831 591 883 et
604 841 638 882 m
651 817 758 882 medio
773 838 837 879 non
851 814 1015 878 resistente
1030 810 1184 895 quantitas
1199 805 1337 870 materie
1345 799 1552 887 penduloeest
1582 845 1585 854 ,

254 941 290 996 ut
303 929 426 1016 pondus
441 925 688 1010 comparativum
705 935 737 987 et
751 918 939 1009 quadratum
952 917 1102 1002 temporis
1116 912 1234 978 directi
1250 923 1281 976 et
1296 908 1460 996 longitudo
1474 928 1552 990 pen-

254 1037 322 1102 duli
336 1033 468 1099 inverse.
513 1025 597 1096 Nam
611 1031 735 1116 pondus
749 1027 995 1113 comparativum
1010 1037 1057 1088 est
1070 1024 1117 1088 vis
1131 1021 1248 1086 motrix
1267 1019 1407 1102 corporis
1429 1017 1464 1082 iu
1481 1037 1548 1078 me-

255 1143 309 1209 dio
324 1141 433 1230 quovis
447 1140 546 1228 gravi,
563 1140 602 1222 (¹¹)
618 1151 655 1202 ut
669 1139 764 1222 supra
778 1136 933 1220 explicui;
948 1132 1082 1216 ideoque
1097 1129 1181 1194 idem
1195 1137 1327 1212 praestat
1339 1124 1373 1186 in
1384 1119 1551 1186 talimedio

255 1277 320 1318 nou
335 1254 497 1318 resistente
510 1263 603 1336 atque
618 1249 741 1334 pondus
756 1244 934 1311 absolutum
947 1243 981 1306 in
995 1263 1105 1305 vacuo.

301 1361 400 1426 Ceret.
417 1366 447 1427 7.
495 1360 535 1442 (⁰)
553 1357 596 1420 Et
609 1356 684 1419 hinc
704 1354 803 1439 liquet
824 1351 905 1414 ratio
928 1361 995 1414 tum
1021 1343 1223 1434 comparendi
1247 1361 1381 1425 corpora
1403 1337 1485 1400 inter
1507 1359 1550 1411 se,

258 1466 362 1555 quoad
378 1465 584 1552 quantitatem
598 1462 737 1526 materiae
751 1461 785 1522 in
799 1456 931 1545 singulis
939 1477 949 1532 3
970 1467 1039 1519 tum
1053 1449 1255 1537 comparandi
1266 1447 1408 1532 pondera
1416 1443 1555 1529 ejusdem

258 1571 398 1656 corporis
423 1571 457 1634 in
483 1569 612 1634 diversis
637 1566 726 1643 locis,
754 1565 793 1650 (Ρ)
808 1563 850 1627 ad
873 1558 1124 1649 cognoscendam
1148 1555 1356 1620 variationem
1380 1550 1549 1638 gravitatis.

261 1680 368 1744 Factis
388 1690 492 1742 autem
512 1673 733 1760 experimentis
753 1691 848 1757 quam
870 1665 1106 1731 accuratissimis
1128 1662 1233 1725 inveni
1254 1680 1378 1742 semper
1399 1657 1554 1742 quantita·

259 1800 324 1852 tem
339 1787 478 1851 materiae
492 1785 526 1847 in
540 1781 724 1868 corporibus
739 1776 869 1866 singulis
884 1795 993 1841 eorum
1007 1770 1140 1860 ponderi
1147 1767 1415 1854 proportionalem
1431 1788 1508 1830 esse.
1577 1827 1584 1846 ,

488 2074 771 2144 PROPOSITIO
795 2073 909 2140 XXV.
955 2067 1228 2137 THEOREMA
1255 2063 1336 2132 XX.

263 2272 617 2357 Cmporafituqieudutu
631 2271 746 2354 quidue,
761 2271 795 2331 in
808 2269 906 2331 medio
920 2267 1031 2350 quouis,
1048 2265 1199 2328 resistitur
1215 2264 1248 2326 a'u
1263 2262 1384 2324 ratione
1398 2266 1557 2320 momento-

309 2404 374 2445 rum
388 2379 538 2462 temporis,
561 2389 591 2442 et
605 2398 732 2460 corpora
741 2375 958 2461 funependulu
974 2393 1040 2455 quae
1054 2374 1086 2434 io
1102 2370 1227 2453 epusdem
1239 2367 1406 2451 grauitatis
1420 2364 1569 2446 specfficae

309 2494 408 2556 medio
428 2510 489 2552 non
510 2490 666 2551 resistente
685 2495 848 2560 moventur,
877 2482 1077 2546 oscillationes
1100 2481 1132 2540 iu
1154 2479 1284 2561 cycloide
1310 2477 1409 2538 eodem
1433 2483 1563 2554 tmpore

299 2609 466 2686 peragunt,
482 2608 513 2660 ct
527 2618 649 2660 arctum
657 2605 767 2677 partes
777 2593 1022 2674 proportionales
1036 2590 1122 2652 simul
1138 2585 1314 2650 describunt.

312 2794 360 2858 Sit
376 2794 406 2855 A
424 2790 452 2855 B
468 2788 616 2874 cycloidis
631 2809 734 2864 arcus,
752 2808 844 2871 quem
861 2806 974 2868 corpus
990 2785 1023 2848 D
1039 2796 1180 2866 tempore
1202 2781 1311 2868 quovis
1334 2780 1367 2843 in
1381 2778 1487 2843 medio
1500 2800 1565 2841 non

266 2903 429 2967 resistente
443 2891 614 2962 oscillando
629 2895 788 2959 describit.
838 2894 1002 2958 Bisecetur
1017 2892 1100 2979 idern
1115 2892 1147 2953 in
1165 2892 1202 2967 C,
1219 2891 1262 2953 ita
1278 2901 1313 2952 ut
1329 2888 1356 2953 C
1372 2889 1409 2952 fit
1422 2890 1566 2951 infimum

268 3014 335 3097 ejus
355 3022 507 3096 punctum
516 3034 526 3086 3
553 3021 585 3072 et
600 3007 659 3071 erit
673 3006 719 3070 vis
736 3004 939 3069 acceleratrix
962 3002 1023 3090 qud
1046 3024 1157 3089 corpus
1179 3012 1310 3086 urgetur
1324 2999 1358 3061 in
1371 2998 1443 3061 loco
1457 2996 1568 3083 quovis

270 3205 297 3253 iu
308 3205 414 3265 pendulo
422 3204 444 3251 A
452 3203 539 3253 directe
549 3213 573 3253 et
582 3204 633 3268 ejus
643 3202 768 3267 longitudo
778 3202 868 3251 inverse
876 3204 906 3251 sd
938 3212 986 3252 tate
996 3212 1020 3252 et
1030 3203 1145 3268 elegante
1161 3202 1256 3264 exponit
1272 3203 1298 3251 in
1311 3202 1476 3251 Monumeutis
1489 3201 1565 3251 Aeed.

273 3268 367 3330 pondus
377 3282 402 3316 et
411 3269 551 3331 quadratum
562 3269 673 3329 temporis
680 3269 778 3330 penduli
790 3270 809 3317 C
820 3266 907 3315 directe
943 3270 1004 3332 Reg.
1018 3270 1102 3317 Sciant.
1116 3284 1154 3315 an.
1170 3274 1239 3317 17³5.

271 3342 296 3380 et
306 3333 357 3396 ejus
368 3333 541 3397 longitudinem
550 3331 648 3381 inverse.
687 3333 718 3388 Q.
732 3333 790 3381 ed.
809 3335 903 3382 unium-
970 3339 1023 3382 179.
1057 3334 1121 3388 Quia
1140 3333 1232 3379 numeri
1250 3332 1421 3379 oscillationum
1441 3330 1570 3394 [equalibus

262 3401 355 3447 'tutum
419 3440 422 3445 .
935 3397 1078 3458 temporibus
1094 3413 1109 3443 a
1127 3396 1221 3443 diversis
1242 3395 1351 3457 pendulis
1373 3396 1570 3443 absolvendarum

307 3459 379 3509 Unde
397 3461 417 3507 si
434 3470 458 3509 et
473 3470 578 3522 tempora
598 3470 622 3508 et
640 3460 780 3523 quantitates
800 3460 904 3507 materiae
938 3460 1121 3521 suntreoiproee
1132 3469 1274 3521 uttempore
1286 3461 1371 3521 quibus
1387 3460 1487 3535 singulte
1502 3458 1573 3507 oscil-

273 3524 355 3571 eadem
371 3534 433 3579 sunt,
453 3524 557 3585 pondera
572 3532 628 3571 sum
638 3534 666 3571 ut
677 3524 837 3587 longitudines
846 3540 905 3585 pen·
937 3525 1035 3572 lotiones
1049 3524 1112 3571 liunt
1124 3527 1191 3587 (478.
1206 3525 1259 3573 Lib.
1275 3524 1320 3586 I.),
1337 3538 1432 3570 numeri
1447 3521 1572 3571 oscillatio-

273 3588 384 3635 dulorum
396 3587 488 3635 directe.
937 3600 997 3636 num
1018 3589 1148 3651 aequalibus
1169 3589 1313 3649 temporibus
1334 3592 1480 3648 peractarum
1502 3594 1573 3634 erunt

306 3672 347 3735 (m)
361 3676 374 3703 a
388 3674 597 3720 Egungmagm
630 3669 784 3719 vidum
799 3671 904 3732 superio,
940 3655 992 3717 (per
1004 3654 1057 3729 Cor.
1071 3657 1094 3701 5.
1111 3654 1180 3713 Prop.
1194 3652 1277 3725 hujus)
1296 3652 1322 3727 in
1339 3650 1574 3725 compositilratione

274 3750 333 3783 rem,
939 3728 969 3765 ex
990 3726 1079 3764 retrone
1100 3716 1264 3776 subduplrcata
1284 3715 1371 3763 directa
1391 3716 1524 3775 ponderum
1547 3724 1575 3761 et

321 3821 331 3844 „
357 3826 369 3853 ⁸
387 3825 411 3871 U
563 3824 568 3835 ,
601 3821 632 3835 ,.
663 3820 711 3871 cm
835 3821 855 3869 P
941 3780 1109 3841 subduplicatis
1131 3780 1261 3827 rationibus
1280 3780 1377 3827 inversis
1397 3793 1527 3826 massarum
1548 3786 1574 3825 et

278 3821 343 3930 XX)
409 3825 613 3885 trupruerptwus,
624 3836 649 3867 ¹¹¹
710 3827 755 3870 ’⁶'
767 3827 825 3869 Μ·
855 3836 908 3883 ¹⁰1³·
942 3843 1117 3908 longitudinum
1127 3844 1300 3905 pendulorum3
1321 3843 1375 3899 sive,
1392 3844 1503 3904 quoniam
1514 3856 1575 3903 pon-

334 3920 339 3932 ·
942 3908 988 3956 dus
1003 3917 1038 3956 est
1048 3918 1076 3955 ut
1085 3909 1174 3955 factum
1185 3923 1214 3954 ex
1225 3906 1300 3955 massi
1311 3908 1337 3954 in
1347 3908 1394 3953 vim
1405 3907 1524 3970 gravitatis
1534 3921 1573 3953 ac-

314 3968 349 4032 (0)
362 3973 376 4000 *
390 3972 422 4018 Et
434 3973 488 4019 binc
501 3973 572 4033 tipuet
581 3972 647 4026 ratio,
659 3970 702 4017 dre.
739 3969 802 4017 Nam
811 3985 840 4017 ex
851 3971 911 4019 datis
943 3972 1106 4029 celeratrieem,
1114 3980 1183 4019 erunt
1191 3971 1295 4031 praedicti
1303 3971 1473 4019 oscillationum
1481 3969 1576 4017 numeri

280 4032 438 4095 pendulorum
455 4034 648 4097 longitudinibus,
665 4033 837 4081 oscillationum
853 4044 913 4082 tem·
945 4036 970 4083 in
981 4036 1069 4083 ratione
1080 4036 1242 4096 subduplicata
1258 4034 1345 4083 directa
1355 4035 1440 4083 virium
1456 4033 1576 4098 gravitatis

96 4151 100 4160 Ι
176 4123 180 4136 .
281 4098 385 4158 poribus,
405 4107 429 4143 et
450 4099 591 4157 ponderibus
613 4112 744 4157 corporum,
764 4099 834 4147 datur
855 4100 914 4146 ratio
944 4100 1130 4148 acceleraturum
1158 4108 1181 4146 et
1196 4100 1286 4147 ratione
1299 4098 1578 4162 subduplicetilongitu-

282 4161 441 4223 quantitatum
464 4163 568 4208 materias
590 4162 616 4209 iu
637 4161 685 4208 illis
705 4162 839 4223 corporibus
861 4167 914 4227 (per
946 4164 1029 4211 diuum
1045 4162 1317 4223 penduloruminrerse3
1333 4163 1468 4223 acproinde
1483 4160 1594 4223 pendo„

285 4227 339 4273 Cor.
351 4224 411 4285 V.);
427 4235 452 4272 et
462 4235 547 4272 conus.
946 4227 1022 4274 lorum
1038 4227 1198 4289 inaequalium,
1217 4226 1258 4274 sed
1274 4228 1355 4275 eidem
1364 4228 1386 4273 vi
1396 4228 1516 4289 gravitatis
1525 4226 1578 4289 agi-

316 4289 351 4352 (l)
364 4292 378 4319 t
393 4292 431 4337 Ad
442 4293 620 4349 cognoscendam
630 4291 913 4351 uariatiuuemgroaitotis.
946 4300 1056 4347 totorum,
1076 4292 1168 4339 numeri
1186 4290 1358 4339 oscillationum
1374 4291 1456 4338 eodem
1473 4303 1579 4351 tempore

285 4354 335 4403 Ubi
346 4351 410 4400 enim
421 4352 525 4415 ejusdem
533 4354 630 4413 penduli
640 4354 796 4401 oscillationes
804 4356 916 4402 tardiores
948 4355 1139 4403 absolvendarum
1158 4355 1257 4402 suntin
1279 4354 1396 4415 reciproci
1414 4352 1581 4415 subduplicetd

284 4428 346 4473 sunt,
359 4417 478 4480 gravitatis
488 4417 557 4472 actio,
574 4418 662 4464 cureris
673 4420 773 4476 paribus,
784 4419 863 4475 minor
874 4428 915 4475 est,
948 4419 1036 4467 ratione
1055 4419 1230 4483 longitudinum
1251 4419 1416 4480 pendulorum,
1440 4430 1464 4465 et
1484 4418 1581 4465 numeri

285 4481 471 4529 cumineodem
482 4481 585 4541 pendulo
594 4480 696 4541 pondera
706 4482 753 4528 sint
763 4482 878 4541 reciproce
890 4491 917 4529 ut
949 4482 1123 4531 oscillationum
1146 4484 1171 4529 in
1197 4484 1289 4531 duobus
1315 4484 1424 4543 pendulis
1451 4483 1581 4545 equalibus

286 4546 399 4608 quadrata
416 4555 546 4606 temporum
560 4554 611 4605 (per
624 4546 678 4593 Cor.
691 4547 733 4606 5.).
771 4546 817 4592 Sed
836 4546 866 4593 de
882 4547 918 4593 bis
950 4557 1020 4595 erunt
1035 4547 1060 4593 in
1074 4546 1236 4608 subduplicatti
1252 4547 1339 4595 ratione
1355 4546 1440 4593 virium
1451 4546 1578 4610 gravitatis.

285 4609 355 4670 plura
362 4609 393 4657 ad
402 4610 472 4669 Prop.
483 4609 545 4655 XX.
558 4609 611 4656 Lib.
623 4608 676 4655 111.
687 4608 801 4657 dicentur.
822 4611 919 4665 Quanta
952 4611 1014 4658 Haer
1025 4620 1059 4659 est
1069 4612 1151 4674 regula
1161 4612 1269 4673 quemad
1280 4610 1446 4671 comparandas
1457 4610 1583 4671 corporum

287 4682 368 4720 autem
379 4674 404 4719 in
412 4674 458 4721 iilis
464 4672 629 4735 experimentis
638 4671 770 4720 adhibenda
779 4674 809 4721 sit
819 4674 920 4737 diligen·
952 4676 1076 4735 gravitates
1085 4674 1156 4723 tradit
1165 4676 1221 4725 Job.
1237 4672 1358 4724 Bernoulli
1369 4674 1395 4723 in
1408 4674 1476 4725 Acus
1483 4672 1580 4723 Erudit.

222 4792 226 4798 ι
286 4738 329 4793 tia,
345 4738 419 4785 claris.
435 4739 468 4786 D.
481 4738 512 4785 de
523 4737 618 4785 Mairan
629 4736 657 4785 ei
668 4736 715 4799 qud
725 4738 784 4808 solet
794 4738 920 4799 perspicui.
954 4738 1017 4801 Lipa
1030 4755 1067 4788 an.
1081 4743 1150 4788 171³.
