3434 5500
153 428 267 492 Ltaun
283 428 448 508 secura]
481 429 720 494 PRINCIPIA
744 429 1116 496 MATHEMATICA.
1373 441 1452 500 223?

152 600 261 664 lumna
278 601 305 663 P
322 600 359 664 H
375 601 408 675 Q
422 621 563 665 convexa
584 603 643 681 erit
663 624 770 667 versus
785 615 979 681 cataractam,
1006 617 1037 668 et
1057 616 1225 688 propterea
1238 605 1337 688 major
1357 620 1438 668 cono

154 709 242 791 cujus
268 707 351 771 basis
376 719 423 770 est
444 707 585 770 circellus
606 708 659 772 ille
685 709 710 770 P
726 711 759 785 Q
781 723 815 800 et¹
833 710 964 774 altitudo
980 711 1013 774 G
1029 711 1076 786 H,
1098 710 1132 772 id
1148 721 1205 786 est,
1227 712 1326 794 major
1347 706 1437 774 tertii

153 831 245 901 parte
260 818 392 902 cylindri
405 813 516 881 eidem
530 819 604 882 base
619 831 651 882 et
666 819 828 882 altitudine
843 820 999 903 descripti.
1035 815 1185 883 'Sustinet
1206 816 1310 882 autem
1332 819 1439 881 circel-

153 925 204 988 lus
219 925 273 988 ille
287 925 409 1007 pondus
432 925 524 1008 hujus
545 925 708 1002 columnae,
734 926 766 990 id
788 938 844 1002 est,
872 926 996 1009 pondus
1022 921 1106 1010 quod
1127 926 1268 1009 pondere
1291 925 1362 987 coni
1384 947 1439 988 seu

64 1007 81 1030 ⁵
154 1032 255 1096 tertiae
269 1030 366 1115 partis
381 1031 513 1116 cylindri
528 1030 609 1094 illius
624 1033 722 1116 majus
737 1044 793 1096 est.
981 1034 984 1039 ’
1027 1101 1033 1116 ,

199 1140 299 1203 Corot
317 1149 346 1202 8.
393 1138 521 1202 Pondus
546 1160 636 1224 aquae
660 1160 754 1224 quarn
777 1139 922 1202 circellus
947 1139 1037 1204 valde
1058 1163 1174 1223 parvus
1196 1142 1273 1216 PQ
1296 1141 1438 1218 sustinet,

154 1250 258 1313 minus
274 1272 341 1313 esse
355 1250 478 1314 videtur
492 1251 631 1334 pondere
646 1250 779 1312 duarum
793 1251 955 1313 tertiarum
969 1251 1105 1334 partium
1122 1251 1254 1336 cylindri
1275 1273 1374 1336 aquae¹
1385 1271 1441 1313 cu·
1491 1281 1495 1285 ·

150 1357 202 1439 jus
217 1356 302 1418 basis
317 1368 363 1418 est
377 1356 518 1419 circellus
533 1356 585 1418 ille
601 1366 632 1419 et
647 1355 777 1419 altitudo
792 1369 839 1420 est
855 1356 893 1419 H
908 1358 950 1420 G.
983 1357 1067 1419 Nam
1080 1357 1232 1420 stantibus
1242 1359 1309 1440 jam
1319 1357 1437 1440 positis,

154 1464 291 1528 describi
306 1465 496 1555 intelligatur
510 1464 674 1528 dimidium
690 1464 874 1550 sphaeroidis
889 1467 976 1550 cujus
997 1467 1081 1529 basis
1103 1479 1150 1557 est
1171 1467 1312 1530 circellus
1335 1466 1387 1528 ille
1409 1458 1442 1528 et

155 1575 315 1638 semi-axis
331 1574 394 1638 sive
409 1574 540 1638 altitudo
555 1586 602 1638 est
617 1574 654 1637 H
671 1575 712 1638 G.
758 1575 797 1657 (¹)
821 1574 865 1637 Et
885 1572 954 1635 haec
976 1574 1219 1660 figuraaequalis
1238 1577 1296 1639 erit
1318 1574 1443 1638 duabus

154 1684 253 1747 tertiis
267 1683 408 1766 partibus
424 1683 555 1767 cylindri
569 1683 651 1745 illius
666 1695 697 1747 et
711 1681 955 1766 comprehendet
968 1683 1143 1745 columnam
1164 1707 1254 1769 aquae
1269 1681 1443 1770 congelatae

157 1791 183 1854 P
201 1791 287 1865 HQ
311 1790 399 1872 cujus
424 1789 547 1871 pondus
571 1789 711 1876 circellus
735 1789 786 1851 ille
812 1789 952 1852 sustinet.
997 1789 1080 1852 Nam
1104 1802 1139 1852 ut
1163 1803 1266 1852 motus
1289 1808 1378 1875 aqute
1400 1789 1444 1851 sit
1503 1848 1506 1859 ,

154 1895 291 1960 maxime
314 1895 459 1970 directus,
483 1895 635 1957 columnae
650 1894 731 1964 illius
747 1895 926 1978 superficies
940 1906 1070 1958 externa
1091 1909 1258 1960 concurret
1279 1919 1351 1958 curn
1372 1896 1446 1968 basi‘

157 2005 186 2068 P
201 2002 234 2076 Q
251 2005 287 2084 (Γ)
303 2001 335 2061 in
351 1999 466 2084 angulo
480 1999 622 2061 nonnihil
637 2011 737 2076 acuto,
753 2011 921 2083 propterea
934 1999 1019 2083 quod
1034 2022 1117 2084 aqua
1131 2001 1272 2064 cadendo
1284 2000 1450 2085 perpetuo,

154 2110 344 2174 acceleratur
359 2120 390 2172 et
404 2121 533 2192 propter
545 2108 798 2172 accelerationem
813 2109 850 2170 fit
864 2108 987 2171 tenuior
995 2131 1004 2183 3
1030 2120 1063 2171 et
1083 2108 1156 2172 otim
1171 2110 1305 2195 angulus
1327 2109 1380 2172 ille
1403 2108 1444 2171 sit

155 2229 242 2282 recto
256 2217 368 2292 minor,
391 2215 460 2278 ltaec
481 2215 625 2278 columna
639 2214 679 2278 ad
693 2213 853 2278 inferiores
868 2215 934 2298 ejus
948 2226 1051 2297 partes
1073 2216 1109 2298 (⁸)
1120 2216 1236 2299 jacebit
1249 2217 1331 2278 intra
1346 2214 1442 2278 dimi.
1467 2234 1471 2242 =
1557 2274 1559 2281 ¹

156 2326 245 2390 dium
272 2325 465 2408 sphoeroidis.
511 2328 546 2410 (l)
564 2328 684 2391 Eadem
710 2327 785 2392 vero
808 2349 931 2391 sursum
953 2339 1043 2390 acuta
1057 2328 1115 2391 erit
1130 2352 1186 2392 seu
1208 2330 1378 2411 cuspidem,
1402 2351 1444 2393 ne

156 2435 358 2498 horisontalis
372 2449 474 2500 motus
489 2459 579 2523 aquae
594 2437 635 2501 ad
648 2439 797 2502 verticem
812 2435 996 2520 sphaeroidis
1009 2436 1051 2499 sit
1063 2436 1184 2499 infinite
1198 2437 1334 2500 velocior
1348 2435 1443 2522 qudm

160 2629 184 2676 1¹
196 2630 222 2684 Q
231 2629 329 2677 sustinet
340 2630 432 2690 pondus
440 2633 556 2679 columnae
567 2647 633 2694 sque
646 2631 705 2680 PH
720 2632 751 2688 Q,
762 2631 787 2678 id
819 2631 912 2692 tangcli
931 2631 959 2679 H
973 2632 996 2679 G
1014 2631 1037 2678 P
1048 2632 1073 2678 X
1122 2631 1212 2690 nitutn3
1234 2631 1298 2680 unde
1315 2635 1368 2696 (per
1385 2634 1440 2682 Cor.

161 2703 203 2750 est,
214 2693 308 2753 pondus
318 2695 380 2756 quod
392 2697 468 2758 majus
480 2705 514 2744 est
524 2695 625 2757 pondere
636 2695 787 2755 tertiaepartis
821 2695 889 2742 Lem.
904 2695 951 2743 IV.
970 2695 1023 2742 Lrir.
1038 2694 1073 2757 Ι.)
1114 2695 1286 2757 emisphaerium
1304 2713 1334 2743 ex
1352 2697 1444 2744 revolu-

162 2757 260 2819 cylindri
271 2772 338 2819 equae
354 2759 421 2821 cujus
437 2760 496 2807 basis
511 2769 546 2807 est
562 2760 667 2807 circellus
687 2762 709 2808 P
722 2761 748 2815 Q
762 2768 787 2807 et
819 2760 884 2807 tione
894 2760 1028 2822 quadrum
1038 2760 1119 2807 circuli
1131 2762 1157 2807 H
1173 2763 1197 2809 lt
1209 2763 1225 2809 S
1239 2762 1261 2808 G
1278 2762 1392 2823 genitum,
1408 2770 1445 2809 cst

161 2821 261 2868 altitudo
274 2822 297 2868 G
311 2822 346 2869 H.
815 2823 846 2870 ad
856 2824 1070 2884 hemisphreroidem
1085 2839 1114 2870 ex
1130 2825 1243 2872 rotatione
1258 2826 1392 2887 quadrantis
1408 2826 1443 2872 el·

196 2884 232 2948 (l)
245 2888 259 2915 ⁶
272 2887 307 2931 Et
319 2889 450 2997 leoffius
461 2890 555 2951 equalis
565 2890 614 2943 erit,
626 2888 668 2934 &a
699 2887 785 2935 Cenmo
816 2886 901 2947 lipseos
913 2888 940 2934 H
952 2888 977 2935 N
989 2888 1009 2934 P
1022 2888 1045 2934 G
1056 2888 1081 2934 in
1092 2886 1173 2935 eidem
1184 2888 1281 2937 ratione·
1301 2890 1363 2937 Cum
1371 2889 1445 2951 igitur

165 2948 196 3005 G,
213 2957 242 2995 et
261 2949 368 2997 semi-mi
429 2951 558 3013 conjugatis
582 2950 650 2999 GH
669 2960 692 2998 et
713 2952 736 2997 G
755 2951 783 3007 P,
816 2951 1005 3011 hemispherium
1015 2952 1226 3013 sitadcylindrum
1242 2952 1444 3012 circumscriptum

163 3011 308 3059 describatur
314 3013 421 3073 ellipsaos
429 3014 544 3077 quadrans
557 3015 584 3062 H
597 3014 621 3063 N
634 3014 661 3069 P,
674 3024 697 3061 et
707 3024 786 3063 centro
817 3023 845 3061 ut
856 3020 872 3062 2
882 3013 912 3060 cd
922 3021 939 3062 ὅ
950 3019 1017 3089 (170.
1032 3015 1087 3062 Lib.
1103 3015 1153 3076 11.)
1166 3016 1210 3062 erit
1219 3018 1289 3062 etiam
1305 3017 1445 3076 hemisphe-

161 3075 244 3121 eodem
258 3076 282 3121 G
290 3090 316 3123 cc
327 3077 391 3123 radio
404 3078 427 3125 G
438 3079 464 3127 H
476 3078 556 3125 circuli
566 3078 681 3139 quadrans
689 3078 716 3127 Η
727 3078 751 3124 R
760 3079 784 3134 S,
818 3078 865 3125 tois
875 3078 905 3125 cd
916 3078 1047 3138 cylindrum
1063 3078 1263 3138 circumscriptum
1279 3079 1321 3139 qui
1331 3095 1372 3139 per
1383 3089 1443 3127 rotc-

162 3138 366 3201 oomplecnturque
373 3142 507 3203 rectiangula
516 3142 540 3187 H
549 3142 571 3189 G
579 3142 631 3189 PX
638 3151 662 3187 et
670 3142 696 3190 H
705 3142 727 3189 G
735 3143 783 3189 SZ.
817 3142 904 3188 tionem
913 3142 1041 3203 rectianguli
1050 3141 1078 3187 H
1089 3143 1112 3189 G
1123 3143 1144 3189 P
1154 3143 1179 3189 X
1188 3152 1319 3204 generetur,
1328 3141 1353 3188 iu
1362 3143 1445 3191 eidem

163 3200 273 3251 Ducem
282 3202 308 3249 in
318 3204 405 3253 circulo
416 3204 520 3251 ordinata
530 3205 618 3267 quevis
631 3206 654 3251 lt
664 3206 699 3263 M,
712 3206 786 3267 dlipti
817 3206 906 3252 ratione
917 3210 932 3251 2
942 3205 972 3252 ed
980 3212 1003 3252 8.
1038 3206 1069 3260 Q„
1083 3220 1103 3252 e.
1116 3204 1140 3252 d.
1384 3256 1399 3285 ο

758 3298 761 3309 ·
851 3283 1236 3347 (¹)*1nongutcaonaitilocuta
1261 3283 1444 3345 Namquemsd·

820 3346 917 3395 modurn
928 3347 1029 3410 angulus
1039 3362 1109 3409 quem
1120 3357 1240 3394 cannete
1252 3349 1275 3394 Α
1286 3349 1307 3395 Β
1318 3349 1343 3395 N
1354 3347 1374 3394 F
1381 3348 1404 3395 E
1415 3348 1444 3394 M

821 3410 954 3471 superficies
971 3420 1066 3458 externa
1086 3413 1109 3457 A
1122 3412 1151 3458 M
1164 3412 1195 3467 Ε,
1215 3412 1238 3459 Β
1251 3412 1308 3458 NF
1325 3426 1379 3458 cum
1395 3410 1445 3457 basi

824 3475 887 3529 ΟΕ,
910 3474 934 3521 D
948 3474 968 3520 F
984 3475 1110 3531 constituit,
1129 3484 1164 3522 eat
1179 3490 1269 3535 semper
1284 3484 1374 3531 acutus,
1390 3474 1446 3534 quia

744 3586 747 3593 ,
822 3554 884 3601 equa
898 3537 1003 3585 cadendo
1019 3554 1109 3597 semper
1127 3538 1267 3586 acceleratur
1283 3538 1371 3601 (272).
1407 3537 1446 3583 Sic

822 3604 900 3657 etiarm
917 3604 947 3648 ob
963 3602 1060 3649 eaodem
1073 3601 1194 3659 rationem,
1213 3604 1329 3651 columne
1347 3601 1408 3648 PH
1422 3602 1448 3656 Q

822 3665 955 3725 superficies
973 3675 1068 3712 externa
1083 3676 1204 3713 concurret
1219 3682 1273 3713 cum
1284 3665 1333 3713 basi
1346 3665 1367 3711 P
1381 3666 1406 3720 Q
1420 3665 1447 3711 in

822 3729 911 3789 angulo
922 3738 990 3775 acuto
1001 3730 1026 3775 H
1041 3730 1062 3775 P
1075 3731 1106 3786 Qa
1121 3730 1147 3778 H
1162 3730 1188 3784 Q
1199 3729 1226 3777 P.
1264 3727 1392 3785 Quisverd
1402 3728 1447 3775 cir·

823 3793 878 3839 culo
890 3792 1105 3848 PQevanescente,
1117 3810 1158 3840 seu
1169 3793 1314 3841 coincidence
1328 3793 1353 3838 H
1364 3792 1448 3839 Pcum

823 3870 867 3903 axe
880 3856 906 3901 H
920 3856 950 3910 G.
963 3856 1065 3918 angulus
1075 3857 1115 3903 illc
1128 3858 1154 3902 H
1168 3856 1190 3902 P
1203 3858 1226 3905 G
1237 3869 1315 3903 rectus
1325 3855 1449 3912 evadit3si

823 3919 924 3966 circulus
934 3928 969 3966 cst
979 3919 1045 3967 valde
1055 3936 1154 3979 parvus3
1171 3921 1273 3982 angulus
1291 3921 1318 3967 H
1331 3920 1352 3966 P
1366 3920 1389 3966 G
1405 3918 1450 3967 erit

822 3982 872 4031 t'ere
882 3992 960 4035 rectus
969 3998 1011 4029 seu
1022 3984 1128 4029 nonnihil
1139 3994 1230 4032 acutus.

856 4070 889 4135 (⁸)
901 4073 986 4119 Jacettt
1001 4070 1066 4119 tarrt
1081 4074 1202 4119 dintidium
1212 4073 1349 4133 spalat-cidit.
1386 4069 1450 4125 Quis

783 4168 785 4175 t
826 4136 865 4196 (ex
876 4133 960 4182 nature
970 4133 1087 4195 ellipaeos)
1098 4134 1123 4180 in
1134 4134 1180 4195 qud
1187 4144 1309 4197 tangentes
1319 4150 1360 4195 per
1369 4134 1449 4180 arium

825 4197 921 4244 vertices
939 4198 1016 4245 ducta
1031 4198 1131 4259 angulos
1146 4206 1220 4245 rectos
1231 4214 1286 4245 curn
1297 4198 1379 4245 axibus
1394 4210 1448 4242 con-

165 4298 289 4333 oemm
299 4284 324 4331 in
338 4284 369 4339 N,
386 4283 431 4330 “ft
447 4283 472 4329 R
484 4282 514 4330 Μ
525 4282 555 4329 ,ὁ
567 4282 593 4329 N
604 4282 641 4339 Μ,
658 4283 682 4329 in
694 4282 746 4330 ω
756 4298 793 4330 η,
826 4261 934 4336 stituunt
946 4262 1080 4336 sphmroidis
1087 4260 1219 4321 superficies
1226 4278 1281 4309 cum
1289 4261 1381 4308 circello
1389 4259 1449 4313 PQ.

166 4349 227 4396 eone
241 4350 258 4395 s
271 4348 296 4395 a
306 4346 336 4395 nt
350 4348 372 4395 r
385 4347 408 4393 e
421 4348 486 4410 (247.
499 4347 550 4392 rra
564 4346 598 4407 1.)
612 4356 635 4392 et
645 4345 792 4407 propterera
827 4334 943 4371 ¹⁰¹¹¹¹¹¹¹¹
953 4340 979 4371 ¹¹¹
990 4325 1077 4411 ¹¹¹t¹¹⁰
1088 4334 1158 4372 ¹¹¹¹¹¹

167 4410 248 4475 liguria
258 4411 306 4459 illoe
317 4410 378 4458 ciret
388 4425 455 4457 arem
468 4410 495 4455 H
510 4410 533 4457 G
549 4410 703 4466 revolvantur,
720 4410 793 4457 circu·
860 4409 892 4472 (ἲ)
905 4412 919 4439 ⁴⁸
932 4410 1022 4457 Eodem
1038 4409 1089 4458 uerd
1107 4426 1203 4460 turtum
1218 4420 1287 4459 ocrtta
1302 4412 1351 4457 erit.
1387 4405 1452 4455 crim

166 4473 283 4538 iusquem
296 4474 375 4522 radius
387 4474 415 4523 M
430 4474 454 4520 R
464 4473 489 4519 in
501 4472 545 4520 hic
556 4473 699 4520 revolutione
709 4472 793 4520 descri-
828 4473 890 4520 enini
910 4482 984 4533 partes
1000 4488 1067 4534 aquae
1076 4474 1165 4534 duplici
1177 4485 1242 4521 motu
1253 4475 1356 4519 ciuntur
1371 4470 1397 4516 in
1414 4470 1450 4527 H,

167 4538 213 4595 bet,
230 4540 273 4587 crit
284 4539 315 4586 ad
326 4537 441 4585 circulum
457 4536 522 4583 radio
535 4538 564 4584 M
579 4538 602 4583 N
614 4536 755 4596 descriptum
770 4536 795 4583 in
829 4536 876 4583 alio
886 4535 988 4583 verticuli
998 4538 1040 4598 qui
1056 4536 1123 4597 lapsu
1134 4554 1174 4595 per
1185 4536 1331 4585 altitudinem
1344 4535 1356 4581 1
1370 4534 1396 4580 H
1413 4548 1453 4580 cc·

168 4600 222 4648 tart
239 4602 330 4649 ratione
348 4602 365 4649 S
378 4602 401 4649 G
410 4604 424 4630 ²
442 4600 472 4647 sd
491 4600 513 4647 P
526 4601 549 4647 G
561 4603 581 4656 ²,
601 4616 642 4647 seu
653 4602 677 4646 in
689 4601 744 4647 dac
760 4615 797 4647 ra·
830 4599 937 4662 quiritur,
949 4600 995 4647 elio
1006 4600 1143 4647 horizontsli
1153 4616 1200 4663 quo
1209 4609 1286 4661 partes
1296 4612 1363 4659 cquae
1373 4596 1403 4644 ad
1414 4612 1453 4643 ec·

168 4664 230 4714 tione
239 4666 339 4728 cylindri
349 4680 421 4727 quem
437 4664 600 4727 rectcngulum
618 4664 645 4711 H
660 4664 683 4711 G
696 4664 744 4711 SZ
760 4678 798 4711 ro-
830 4672 940 4711 tmctsm
950 4663 1096 4712 formandam
1106 4664 1137 4711 ad
1147 4660 1265 4711 eemutud
1279 4661 1400 4717 accedunt,
1417 4660 1454 4707 uti

170 4730 239 4779 tando
255 4729 366 4779 describit
375 4728 406 4777 cd
416 4728 550 4791 cylindrum
568 4742 598 4777 ex
608 4727 733 4795 *rotatione
748 4740 798 4777 rcc-
830 4724 902 4789 sapt
911 4726 965 4777 ante
975 4743 1021 4778 cm.
1037 4734 1057 4777 1.
1069 4728 1160 4777 dictum
1168 4736 1209 4783 est,
1220 4723 1351 4787 atqudideo
1361 4722 1455 4788 guttula
