3434 5500
322 422 548 488 Lam
583 420 914 499 smum]
978 416 1465 484 PRINCIPIA
1510 414 2260 481 MATHEMATICA.
2347 368 2352 373 ’
2785 422 2912 481 259

317 592 541 679 pagati
560 618 567 622 ·
584 580 845 673 concipe
872 609 990 672 per
1020 587 1396 651 successivas
1434 585 1951 650 condensationes
1983 597 2045 648 et
2085 583 2524 648 rarefactiones
2564 584 2774 660 medii,
2824 586 2914 647 sic

320 712 391 763 ut
416 698 639 784 pulsus
669 697 967 781 cujusque
997 716 1142 779 pars
1188 694 1558 757 densissima
1596 692 1968 778 sphaericam
2009 704 2272 776 occupet
2312 692 2709 775 superficiem
2749 690 2916 755 circa

321 818 605 870 centrum
646 804 709 867 A
748 801 1146 886 descriptam,
1198 813 1262 863 et
1304 800 1467 863 inter
1512 799 1731 885 pulsus
1785 799 2163 864 successivos
2213 799 2478 884 aequalia
2522 800 2913 866 intercedant

300 2584 664 2670 intervalla„
744 2586 1100 2674 Designent
1128 2597 1337 2649 autem
1366 2586 1550 2648 lineae
1580 2584 1623 2647 d
1653 2607 1707 2661 e,
1742 2582 1856 2671 fg,
1889 2582 1934 2644 h
1964 2583 2006 2660 i,
2039 2582 2085 2649 k
2113 2580 2156 2659 1,
2190 2582 2303 2644 &c.
2336 2580 2732 2643 densissimas
2762 2579 2906 2664 pul-

308 2716 492 2757 suum
545 2706 776 2779 parteS,
826 2718 943 2780 per
988 2694 1271 2759 foramen
1326 2694 1383 2758 B
1429 2693 1484 2757 C
1533 2702 1931 2779 propagataS.
2023 2690 2110 2754 Et
2157 2688 2454 2774 quoniam
2500 2685 2777 2750 medium
2817 2686 2908 2749 ibi

308 2800 563 2864 densius
593 2796 687 2867 est
715 2824 902 2888 quam
930 2803 999 2865 in
1030 2803 1243 2888 spatiis
1273 2801 1422 2864 hinc
1452 2801 1599 2864 inde
1628 2823 1841 2864 versus
1877 2800 1942 2863 K
1975 2800 2034 2862 L
2064 2810 2127 2861 et
2158 2797 2225 2860 N
2250 2799 2334 2874 O,
2371 2799 2444 2883 (θ)
2467 2796 2750 2861 dilatabit
2769 2819 2904 2860 sese

1634 2971 1867 3022 dilatatur.
1906 2980 1954 3020 et
1985 2970 2236 3031 particulas
2267 2987 2308 3026 a,
2343 2972 2389 3026 b,
2425 2985 2466 3026 c,
2500 2973 2588 3020 διο.
2623 2971 2674 3018 in
2705 2965 2929 3031 pristina‘

304 2983 413 3015 eum
434 2969 668 3029 propulsae
689 2979 798 3018 eant
818 2978 867 3019 'et
886 2971 1243 3026 condensantur,
1276 2964 1326 3019 ‘et
1346 2971 1427 3019 ubi
1460 2979 1573 3018 sunt

1634 3035 1739 3082 loca
1759 3033 2012 3082 successive
2046 3034 2239 3094 repellit,
2275 3035 2390 3080 dum
2424 3032 2602 3083 interea
2631 3034 2738 3080 aliae
2758 3036 2903 3096 parti-

308 3032 599 3081 densissimae
613 3035 882 3094 sphaericam
897 3036 1189 3097 superficiem
1211 3035 1334 3082 circa
1356 3045 1570 3083 centrum

312 3098 361 3143 A
403 3096 680 3157 descriptam
722 3115 950 3160 occupare
992 3100 1329 3161 intelligantur,
1373 3109 1480 3147 tum
1524 3099 1569 3145 vi

306 3158 497 3208 elastica
515 3161 733 3209 rarefiant
753 3173 799 3211 et
820 3163 1091 3212 dilatatione
1112 3161 1199 3210 sua
1221 3164 1390 3224 partim
1411 3179 1570 3210 versus

306 3233 522 3274 connum
547 3227 595 3274 A
617 3226 822 3285 redeant,
845 3228 1015 3290 partim
1036 3244 1065 3274 a
1086 3238 1245 3276 centro
1260 3228 1343 3274 illo
1358 3242 1568 3290 quaqua-

679 3357 1493 3544 al¹)‹¹:defg

303 3618 489 3651 versum
520 3604 740 3654 recedant
774 3617 823 3655 et
858 3615 1012 3668 partes
1049 3606 1221 3655 vicinas
1256 3608 1560 3668 propulsent3

302 3667 371 3714 ita
400 3677 457 3715 ut
484 3668 841 3725 condensentur,
878 3681 1018 3733 atque
1049 3671 1117 3719 ita
1150 3672 1416 3720 successivis
1450 3687 1562 3718 con-

304 3730 653 3780 densationibus
696 3744 744 3782 et
786 3735 1133 3782 dilatationibus
1174 3735 1379 3797 agitetur.
1407 3745 1560 3784 totum

302 3795 529 3843 medium·
603 3798 727 3852 Quae
747 3799 995 3846 ut‘clarius
1016 3799 1353 3860 intelligantur,
1377 3810 1562 3847 motum

303 3860 639 3918 particularum
660 3863 776 3910 aeris
798 3864 846 3910 in
870 3877 967 3910 uno
998 3863 1231 3923 praedictae
1263 3865 1456 3923 sphaerae
1487 3878 1562 3910 ra-

302 3922 383 3970 dio
413 3926 797 3984 contemplemur.
868 3927 971 3974 Sint
991 3943 1033 3984 a,
1057 3930 1102 3984 b,
1126 3942 1167 3984 c,
1193 3927 1237 3984 d,
1264 3930 1347 3975 &c.
1386 3937 1562 3988 puncta

300 3987 491 4049 physica
512 3989 657 4036 medii
688 3991 965 4053 quiescentis
986 3991 1037 4037 in
1057 3991 1183 4037 recta
1204 4008 1233 4037 a
1253 4008 1299 4053 q,
1322 3992 1383 4038 ad
1405 4006 1561 4053 aequa-

299 4049 372 4096 les
408 4055 465 4099 ab
493 4051 695 4100 invicem
728 4054 968 4102 distantias
1001 4056 1102 4102 sita.
1176 4055 1417 4101 Punctum
1439 4071 1481 4112 a,
1516 4055 1561 4100 vi

301 4114 511 4176 qualibet
531 4117 849 4165 acceleratrice
869 4129 1108 4181 urgeatur,
1132 4118 1390 4167 secundum
1413 4119 1561 4165 direc-

300 4179 494 4234 tionem,
520 4196 548 4226 a
568 4196 613 4242 q,
637 4191 685 4228 et
704 4183 875 4229 deinde
904 4193 1109 4230 cessante
1130 4183 1199 4228 vis
1219 4183 1344 4228 illius
1364 4183 1561 4239 actione,

301 4258 385 4302 per
405 4242 687 4292 celeritatem
710 4247 979 4307 acquisitam
1012 4256 1269 4297 moveatur.
1342 4247 1455 4294 Non
1478 4262 1560 4307 po-

299 4306 407 4354 teri't
429 4306 494 4354 ita
514 4311 691 4355 moveri
713 4312 939 4368 particula
960 4327 1001 4368 a,
1036 4311 1152 4372 quin
1184 4311 1439 4357 successive
1460 4325 1562 4356 mo-

298 4382 495 4417 veantur
511 4374 750 4432 particulae
772 4375 875 4420 aliae
896 4377 941 4432 b,
965 4391 1002 4425 c,
1028 4375 1075 4432 d,
1099 4391 1141 4430 e,
1164 4377 1249 4422 &c.
1278 4384 1324 4421 et
1336 4375 1447 4438 quia
1461 4389 1561 4422 me-

302 4434 435 4481 dium
470 4437 711 4484 clasticum
744 4439 795 4483 in
827 4439 1079 4485 intervallis
1099 4442 1130 4486 b
1152 4455 1193 4495 c,
1218 4454 1244 4484 c
1265 4438 1311 4492 d,
1342 4439 1373 4484 d
1395 4455 1435 4492 e,
1470 4439 1556 4485 &c.

298 4499 529 4560 gradatim
554 4501 866 4551 condensatur
888 4515 934 4549 et
958 4503 1052 4548 vim
1074 4504 1308 4550 elasticam
1340 4504 1563 4565 majorem

296 4563 495 4624 acquirit
529 4560 630 4626 qua'
656 4565 865 4612 celeritas
903 4567 1141 4625 particulae
1179 4584 1222 4623 a,
1264 4567 1349 4612 sibi
1391 4567 1563 4612 relictae

296 4626 523 4674 continuo
552 4631 783 4677 minuitur
806 4647 860 4676 ac
883 4630 1069 4677 tandem
1102 4646 1287 4690 prorsus
1321 4632 1557 4692 extingui-

1579 3357 1757 3419 hk

1635 3101 1754 3147 culae
1778 3110 1832 3146 ut
1861 3115 1909 3161 g,
1927 3100 1992 3155 ,h,
2027 3099 2110 3144 διο.
2141 3103 2299 3143 'versus
2320 3113 2350 3158 q
2373 3098 2766 3161 progrediuntur3
2801 3115 2900 3162 quo

1632 3173 1766 3210 motu
1804 3163 2012 3209 medium
2046 3177 2207 3208 rursus
2237 3161 2550 3208 condensatur
2579 3176 2739 3209 versus
2770 3179 2818 3224 q,
2853 3171 2906 3212 et

1632 3226 1804 3274 deinde
1840 3225 2060 3289 utrinque
2102 3225 2336 3282 dilatatur,
2381 3223 2522 3286 atque
2563 3223 2631 3272 ita
2673 3225 2896 3288 deinceps

1851 3355 2375 3438 lmnpq

1719 3455 2508 3544 ΙΙ.ΙΙΙΙΙ

1626 3607 1794 3667 pulsus
1814 3621 1898 3668 per
1918 3604 2200 3654 successivas
2221 3603 2607 3669 condensationes
2628 3613 2676 3652 et
2695 3605 2898 3652 rarefac.

1628 3672 1780 3718 tiones
1803 3669 1945 3716 medii
1967 3679 2299 3732 propagantur.
2373 3673 2398 3700 ⁴*
2432 3669 2553 3715 Haec
2585 3668 2811 3729 pulsuum
2841 3667 2896 3715 in

1626 3734 1786 3781 medio
1837 3734 2026 3780 elastico
2079 3735 2350 3796 genitorum
2397 3731 2578 3789 natura,
2633 3732 2696 3780 a'd
2748 3733 2893 3793 Prop.

1630 3798 1859 3848 XLVII.
1873 3798 2024 3845 fusius
2045 3798 2347 3858 expendetur,
2373 3796 2454 3844 sed
2478 3797 2566 3844 isto
2586 3796 2637 3844 in
2661 3798 2766 3844 loco
2787 3798 2890 3844 haec

1627 3862 1844 3910 sufficere
1867 3862 2096 3910 videntur.
2310 3898 2314 3903 .

1691 3927 1762 3990 (²)
1790 3930 1816 3957 ¹*
1843 3929 2074 3974 Dilataln‘t
2094 3943 2187 3974 sese
2208 3935 2305 3974 eam
2327 3941 2496 3980 versus,
2521 3925 2606 3972 &c-
2681 3925 2776 3972 Per
2797 3925 2890 3972 vim

1626 3990 1860 4037 clasticam
1882 4006 1989 4051 quae
2011 3991 2055 4035 vi
2078 3990 2402 4050 comprimenti
2435 3986 2532 4053 qua
2562 3999 2716 4048 partes
2749 3988 2896 4039 medii

1626 4054 1984 4109 condensantur,
2009 4054 2202 4116 aequalis
2222 4064 2307 4112 est,
2333 4064 2380 4101 et
2402 4053 2452 4099 in
2473 4068 2664 4101 omnem
2687 4053 2776 4102 loci
2799 4055 2890 4100 cir·

1628 4119 1990 4165 cumferentiam
2013 4119 2125 4180 agit.
2544 4123 2547 4126 “

1694 4173 1804 4231 295.
1858 4183 2025 4229 Motus
2047 4181 2274 4242 pulsuum
2297 4181 2348 4228 in
2370 4149 2526 4229 medio
2549 4182 2737 4230 clastico
2759 4196 2891 4241 spec-

1628 4247 1715 4293 tari
1749 4255 1899 4306 potest
1919 4255 1974 4293 ut
1995 4246 2223 4309 analogus
2253 4261 2364 4292 cum
2399 4255 2538 4296 motu
2571 4247 2808 4292 undarum
2839 4244 2892 4290 in

1628 4311 1874 4371 superficie
1887 4326 2021 4372 aquae
2033 4310 2289 4373 stagnantis
2302 4328 2318 4368 3
2344 4325 2452 4356 nam
2470 4310 2770 4356 condensatio
2783 4324 2889 4368 par-

1627 4375 1750 4422 tium
1771 4374 1914 4421 medii
1938 4375 2114 4421 elastici
2136 4374 2296 4420 locum
2317 4383 2445 4422 tenet
2458 4374 2725 4420 elevationis
2745 4388 2889 4434 aqua-

1626 4453 1747 4493 rum,
1773 4438 1841 4484 vis
1863 4437 2048 4485 elastica
2068 4438 2212 4484 medii
2234 4439 2394 4486 locum
2415 4438 2651 4500 gravitatis
2667 4451 2816 4499 aquae‚
2842 4445 2890 4482 et

1628 4519 1735 4562 pars
1747 4503 1972 4563 pulsuum
1989 4502 2262 4549 densissima
2279 4503 2395 4563 parti
2410 4501 2640 4548 undarum
2655 4499 2890 4546 altissimae

1629 4565 1968 4626 correspondet.
2045 4565 2186 4613 Unde
2231 4567 2278 4612 in
2323 4581 2517 4626 utroque
2551 4574 2698 4619 motu,
2744 4563 2889 4614 medii

1626 4631 1871 4691 particulae
1905 4645 1988 4690 per
2019 4630 2174 4676 brevia
2196 4632 2342 4689 spatia
2363 4638 2478 4675 eunt
2498 4637 2545 4674 et
2565 4628 2778 4682 redeunt,
2812 4627 2886 4678 in-

296 4703 402 4748 tur3
450 4702 555 4738 tum
597 4691 706 4740 vcro
750 4695 959 4744 medium
1003 4695 1338 4742 condensatum
1381 4695 1427 4740 vi
1473 4695 1559 4741 sua
1621 4695 1862 4743 tereadum
1887 4694 2052 4754 pulsus
2084 4693 2156 4739 vel
2189 4694 2318 4740 unda
2351 4701 2631 4754 propagatur
2666 4691 2808 4756 (294)
2839 4701 2888 4743 et

294 4755 481 4802 clastica
516 4757 737 4820 utrinque
764 4767 1053 4806 tam'versus
1085 4775 1127 4815 a,
1164 4773 1305 4820 quam
1337 4774 1495 4807 versus
1526 4774 1557 4821 q
1623 4759 1790 4806 eodem
1811 4759 1956 4806 modo
1974 4773 2070 4820 quo
2095 4760 2215 4824 (293
2239 4758 2472 4805 undarum
2491 4755 2787 4804 reflexionem
2803 4771 2894 4807 ειη

1542 4847 1645 4895 R2
