3434 5500
276 441 336 498 188
599 423 940 494 PHILOSOPHIAE
963 422 1235 494 NATURALIS
1292 427 1562 535 [Moti-‚Corma

273 598 371 683 pertis
385 597 513 682 relique
528 617 599 682 quoe
612 593 693 660 inter
706 615 823 660 uncum
838 608 871 660 et
882 595 1033 682 pyxidem
1046 595 1215 680 pendulam
1236 596 1433 662 tendebatur.
1478 596 1563 664 Nem

274 705 363 770 iilum
384 714 507 767 tensum
531 701 717 786 (1²)dimidio
739 702 888 786 ponderis
913 703 962 766 sni
980 702 1154 785 pendulum
1168 725 1187 765 a
1200 702 1426 786 perpendiculo
1443 703 1563 790 digres-

275 835 345 878 sum
367 833 489 896 semper
509 822 610 898 urget.
656 810 745 875 Huic
770 811 904 895 ponderi
926 809 1080 874 addebam
1101 810 1227 894 pondus
1250 809 1331 874 eiiris
1353 833 1447 895 quem
1469 812 1562 896 pyxis

274 920 425 1004 capiebat.
470 919 513 982 Et
526 917 651 1002 pondus
665 929 766 982 totum
781 928 847 980 erat
862 917 950 1002 quasi
964 937 1036 1000 pars
1057 917 1285 1004 septuagesima
1305 929 1413 980 octava
1433 919 1560 1003 pyxidis

273 1027 468 1094 metallorum
484 1026 597 1111 plenae.
643 1025 729 1090 Tum
743 1027 891 1114 quonism
904 1023 997 1111 pyxis
1009 1025 1206 1090 metallorum
1219 1027 1323 1110 plena,
1346 1027 1487 1111 pondere
1502 1047 1561 1090 sno

273 1131 431 1198 tendendo
453 1134 552 1212 filum,
579 1133 714 1220 augebat
735 1131 962 1220 longitudinem
987 1132 1129 1216 penduli,
1159 1134 1383 1198 eoumahebem
1410 1132 1500 1197 filum
1524 1147 1561 1197 ut

272 1241 401 1326 penduli
411 1242 478 1325 jam
492 1236 661 1306 oscillantis
676 1240 785 1304 eedem
800 1253 880 1303 esset
894 1237 1058 1326 longitudo
1072 1259 1110 1301 ac
1122 1239 1220 1322 prius.
1263 1240 1349 1304 Dein
1362 1239 1503 1324 pendulo
1517 1241 1561 1306 ad

266 1343 495 1434 ,lomim-primo
509 1361 651 1413 notatum
665 1359 800 1411 retracto
815 1369 851 1410 ee
867 1346 1005 1422 dimisso,
1026 1346 1229 1413 numerabam
1248 1346 1458 1410 oscillationes
1470 1346 1558 1432 quasi

273 1455 469 1542 septuaginta
483 1468 515 1519 et
529 1469 657 1541 septem,
685 1456 785 1518 donec
806 1456 899 1542 pyxis
919 1456 958 1519 ad
980 1455 1085 1520 locum
1109 1455 1247 1520 seeundo
1270 1465 1412 1520 notatum
1430 1457 1572 1535 rediret·
1595 1435 1606 1462 ⁶

272 1559 463 1648 totidemque
478 1559 610 1626 subinde
624 1561 725 1626 donec
738 1562 829 1647 pyxis
851 1561 893 1626 ad
912 1562 1016 1625 locum
1036 1561 1128 1626 tertio
1148 1573 1290 1626 notatum
1309 1560 1435 1639 rediret,
1459 1574 1555 1648 etque

271 1685 379 1732 rursus
394 1667 524 1736 totidem
545 1667 645 1732 donec
659 1669 750 1756 pyxis
765 1669 867 1734 reditu
882 1690 939 1732 suo
952 1669 1119 1756 attingeret
1138 1667 1243 1732 locum
1260 1682 1416 1754 quartum.
1462 1669 1558 1734 Unde

272 1773 427 1840 concludo
452 1775 537 1862 quod
562 1775 737 1840 resistentis
750 1787 816 1839 tots
829 1774 955 1860 pyxidis
968 1775 1071 1858 plenae
1084 1796 1149 1838 non
1163 1775 1314 1858 majorem
1327 1774 1465 1840 babebat
1482 1795 1559 1862 pro-

271 1883 447 1967 portionem
462 1884 502 1947 ad
516 1883 723 1950 resistentiam
736 1883 861 1969 pyxidis
876 1880 1090 1967 vacuaequaim
1105 1887 1145 1948 78
1161 1881 1264 1948 adtt.
1308 1881 1392 1946 Nem
1406 1883 1434 1946 si
1448 1906 1554 1968 aequa·
1619 1917 1623 1920 ·

271 1993 316 2056 les
332 2006 436 2057 esseut
448 1991 611 2058 ambarum
624 1991 818 2067 resistentie,
833 1989 926 2076 pyxis
938 1987 1033 2074 plena
1048 1989 1090 2054 ob
1103 1989 1166 2053 vim
1181 2009 1267 2052 suam
1288 1987 1413 2053 insitam
1433 2002 1559 2074 septus-

271 2101 337 2186 gies
352 2111 384 2162 et
398 2098 494 2162 octies
508 2097 659 2182 majorem
672 2098 704 2160 vi
718 2096 809 2160 insiti
824 2096 950 2181 pyxidis
964 2117 1079 2172 vocure,
1095 2107 1216 2160 motum
1230 2117 1322 2160 suum
1336 2095 1562 2160 oscillatorium-

271 2217 358 2270 tento
380 2205 496 2269 diutius
519 2227 703 2270 conservare
724 2206 863 2282 deberet,
893 2217 987 2290 atque
1007 2204 1080 2270 ided
1101 2205 1263 2290 completis
1288 2228 1412 2290 semper
1435 2206 1557 2272 oscilla·

271 2314 407 2378 tionibus
423 2321 463 2382 78
480 2314 520 2398 (l)
536 2313 577 2378 sd
592 2315 662 2379 loce
676 2315 729 2379 ills
742 2327 851 2379 notate
866 2313 979 2380 redire.
1025 2315 1132 2382 Rediit
1153 2326 1257 2398 eutem
1278 2316 1319 2380 ad
1339 2315 1452 2381 eadem
1472 2339 1557 2380 com·

269 2425 362 2509 pletis
378 2425 622 2490 oscillationibus
639 2433 689 2496 77.
927 2442 931 2447 ‘

312 2533 468 2620 Designet
489 2533 584 2620 igitur
599 2534 630 2598 A
645 2533 851 2598 resistentiam
871 2532 998 2619 pyxidis
1012 2532 1046 2596 in
1059 2532 1157 2615 ipsius
1178 2531 1343 2616 superficie
1361 2531 1502 2610 externi,
1525 2543 1557 2596 et

184 2685 191 2698 .
272 2639 301 2703 B
315 2639 520 2703 resistentiam
535 2639 659 2726 pyxidis
675 2661 780 2703 vecuae
794 2640 978 2724 inpartibus
992 2638 1139 2713 internis3
1162 2652 1193 2702 et
1207 2639 1234 2702 si
1248 2638 1429 2703 resistentiae
1445 2659 1557 2722 corpo·

206 2818 209 2826 y
270 2766 341 2809 rum
355 2745 589 2831 aequivelooium
603 2747 636 2809 in
650 2746 790 2830 partibus
805 2746 934 2811 internis
948 2746 1010 2810 sint
1023 2759 1059 2811 ut
1073 2746 1212 2823 materia,
1229 2768 1285 2811 seu
1294 2767 1444 2809 numerus
1458 2746 1557 2830 parti-

271 2853 410 2919 cularum
432 2854 544 2940 quibus
564 2854 732 2919 resistitur:
758 2854 819 2919 erit
835 2860 875 2921 78
894 2854 1111 2918 Bresisteutia
1130 2852 1259 2939 pyxidis
1277 2853 1379 2937 plenae
1402 2855 1435 2916 in
1455 2853 1558 2936 ipsius

238 3001 241 3007 ·
270 2961 410 3046 pertibus
432 2960 577 3055 internis:
603 2944 736 3047 ideoque
756 2960 882 3046 pyxidis
901 2982 1007 3024 vacuae
1021 2960 1193 3024 resistentis
1207 2970 1272 3022 tote
1286 2960 1318 3023 A
1338 2968 1370 3035 ÷
1392 2958 1495 3023 Berit
1515 2960 1558 3023 ad

302 3113 338 3177 (⁹)
351 3117 365 3144 ⁹
376 3116 481 3164 Dimidio
494 3118 604 3177 ponderis
618 3117 662 3164 sai.
698 3112 745 3161 Fili
760 3113 819 3161 tensi
837 3112 897 3160 AB
927 3108 959 3159 'ad
970 3111 1071 3172 spatium
1086 3119 1153 3158 motu
1167 3108 1253 3171 pixidis
1263 3109 1339 3171 plena
1348 3110 1491 3157 ossdlatione
1507 3108 1556 3157 und

270 3178 410 3241 homogenei
425 3188 449 3226 et
465 3180 560 3241 etpialis
575 3179 662 3243 ubique
672 3179 780 3227 crassitiei
791 3187 898 3225 centrum
929 3178 1014 3223 emim
1030 3175 1212 3235 percurrendum
1228 3183 1256 3222 ut
1267 3180 1297 3223 ta
1307 3174 1338 3222 ad
1356 3180 1378 3232 l,
1395 3185 1419 3222 et
1436 3173 1556 3235 proptered

270 3242 388 3305 gravitatis
405 3245 474 3290 estin
494 3244 547 3291 loco
564 3244 643 3291 medio
663 3245 691 3298 C,
716 3247 766 3306 (59.
786 3241 841 3289 Lib.
861 3240 897 3302 1.)
929 3231 1057 3299 dpatisilla,
1073 3238 1189 3299 eompletis
1198 3235 1269 3285 uniei
1279 3238 1364 3299 pixidis
1373 3252 1453 3285 vecuae
1464 3237 1558 3285 oscen:

269 3304 369 3369 idedqus
379 3306 414 3354 vis
424 3307 471 3368 qud
481 3307 548 3355 illum
559 3308 662 3369 pondere
670 3316 769 3355 suntote
778 3307 807 3364 P,
818 3304 849 3353 ad
859 3319 898 3351 ro·
929 3304 1000 3360 tione,
1017 3314 1041 3351 et
1049 3302 1135 3363 pixidis
1144 3303 1221 3363 plena
1230 3302 1413 3350 esdllsdondsus
1423 3308 1454 3351 ts
1464 3302 1555 3349 absolu-

270 3371 369 3419 tandum
379 3369 440 3419 ciret
453 3372 485 3429 A,
496 3382 602 3437 urgetur,
614 3380 649 3420 est
658 3381 687 3420 ut
699 3372 722 3419 Δ
736 3373 756 3423 C
769 3380 795 3432 χ
811 3370 840 3427 P,
856 3383 899 3416 seu
929 3368 967 3424 tis,
988 3367 1066 3414 forent
1086 3366 1184 3428 aqualia
1204 3362 1387 3428 quamproxime,
1412 3365 1482 3441 etque
1502 3362 1555 3412 idsd

330 3502 815 3520 -—------
929 3428 1210 3543 tersisti
1217 3444 1309 3490 '‘ml‘'
1318 3430 1501 3478 “lm
1408 3430 1415 3442 ’
1515 3434 1556 3486 ⁷⁸’

566 3522 573 3609 l
964 3558 1027 3607 Cirrn
1041 3560 1067 3605 in
1082 3557 1125 3605 bric
1142 3558 1248 3606 sectione
1259 3556 1307 3605 vt.
1322 3558 1452 3605 Neptunus
1466 3556 1497 3603 de
1505 3556 1555 3603 solo

340 3608 374 3659 Α
558 3622 581 3672 G
792 3611 825 3661 Β
931 3637 1055 3683 nnmerum
1070 3623 1097 3669 in
1112 3621 1382 3684 cycloideostillsntium
1393 3632 1464 3694 „mom
1474 3621 1555 3683 egerit,

442 3692 444 3699 '
930 3686 1006 3734 mults
1026 3684 1081 3733 verd
1096 3702 1111 3732 s
1125 3686 1291 3733 recentioribus
1309 3688 1444 3733 authoribus
1464 3686 1557 3731 inventa

270 3766 391 3836 ussrx
403 3766 458 3816 ss
471 3768 521 3834 (ss.
532 3764 586 3815 tu
599 3762 635 3826 1.)
643 3761 720 3827 ,uns
732 3744 899 3812 timentum
930 3750 984 3825 eut,
999 3750 1085 3825 quun·
1100 3750 1214 3811 ene-li·
1223 3749 1365 3797 motuumin
1375 3748 1555 3824 operulas

270 3839 300 3884 sit
310 3835 401 3895 pondus
417 3832 441 3890 Q
456 3834 482 3881 in
501 3834 523 3881 B
538 3828 664 3879 loeendum
674 3837 702 3875 ut
711 3835 863 3876 momentum¹
874 3832 901 3885 Q
930 3815 986 3861 hbet
996 3816 1084 3861 ‘¹¹0⁰‘ss
1098 3813 1168 3889 ¹⁰¹}ss
1179 3822 1285 3873 Plom⁰l⁸
1294 3824 1336 3870 0⁸⁸,
1349 3828 1461 3889 pssnflplt
1471 3815 1556 3875 <imbus

273 3907 298 3957 ><
314 3902 337 3947 Α
352 3902 373 3947 Β
391 3896 527 3961 equivaleat
544 3902 664 3942 momento
680 3907 722 3940 seu
732 3890 897 3951 vitumnus,
929 3877 1395 3941 fldfflfllwuenflpfl‘blemmbmw
1401 3889 1553 3937 “immm-

270 3966 313 4011 erit
331 3965 393 4020 Q><
409 3956 698 4023 ΔΒι-ξΡχΑΒ,
714 3954 897 4017 ldedqueQn

269 4028 286 4093 ᾖ
305 4028 332 4075 Ρ.
371 4024 450 4082 Queri
471 4024 539 4071 filum
560 4033 653 4069 tensum
671 4019 769 4067 dimidio
790 4021 899 4080 ponderis

270 4092 308 4139 sui
321 4092 342 4139 P
353 4089 484 4151 pendulum
495 4104 508 4134 e
519 4083 685 4148 perpendiculo
696 4082 826 4147 digressum
837 4098 898 4131 sern-
1110 4082 1375 4133 PROBLEMATA.

300 4168 349 4203 rur
366 4164 396 4201 et.

270 4170 337 4285 peff)
349 4171 365 4251 Ξ
375 4220 415 4265 Aa
425 4218 473 4263 loco
484 4217 524 4263 illo
536 4222 614 4263 notate
624 4216 705 4261 redire.
732 4208 899 4261 Siresistentiae
932 4218 986 4261 188.
1014 4212 1136 4261 Tendsate
1158 4212 1180 4259 ri
1201 4212 1318 4275 grevitatr's
1338 4212 1450 4260 uniformi
1471 4212 1556 4273 ubique

268 4284 294 4331 in
305 4282 405 4346 singulis
416 4278 596 4327 oscillationibus
606 4286 682 4324 essem
697 4276 804 4338 equales,
821 4286 899 4324 motrrs
962 4276 1181 4337 perpendiculariter
1191 4277 1329 4338 adplenum
1343 4276 1475 4328 horizontis.
1497 4276 1555 4323 deli·

269 4348 354 4402 amissi,
372 4355 399 4394 ut
410 4342 464 4405 pote
475 4342 608 4388 resistendis
619 4340 806 4401 proportionales,
823 4351 899 4388 essent
961 4341 1013 4389 nire
1028 4351 1119 4388 motum
1138 4340 1239 4400 eorporis
1255 4356 1296 4401 per
1317 4354 1412 4387 curvam
1430 4341 1556 4402 quamlibet

962 4467 1556 4517 n

311 4490 384 4524 onum
404 4488 441 4521 em

270 4554 395 4600 corporum
406 4547 431 4584 et
440 4486 514 4596 sppatie
529 4533 631 4580 motibus
646 4531 735 4579 amissis
750 4531 900 4578 describenda
962 4485 1078 4594 quelidee

269 4604 429 4667 conjuretim;
440 4596 541 4661 iretque
549 4598 622 4657 spatie
629 4595 671 4643 ille
678 4605 754 4643 essent
761 4604 788 4642 ut
796 4595 900 4655 pondere

269 4666 374 4726 inverse3
393 4668 439 4714 lroe
456 4672 498 4721 est,
518 4661 618 4722 spetlum
637 4668 702 4705 motu
719 4658 803 4720 pixidis
819 4674 899 4706 vncuae
964 4658 1004 4706 De
1020 4673 1142 4718 eorporum
1160 4674 1256 4707 ascensu
1274 4674 1301 4706 ac
1317 4660 1429 4706 descensu
1446 4658 1471 4706 in
1490 4656 1557 4704 lineis

269 4731 354 4779 smbso
367 4730 394 4777 in
411 4726 462 4778 und
476 4725 620 4776 oscillatione
638 4721 822 4780 describendum,
839 4731 900 4772 esset
930 4723 998 4770 rectis
1007 4722 1039 4771 ed
1048 4722 1191 4772 horisontem
1201 4722 1425 4786 'quandocumque
1440 4720 1557 4771 insllnst'u
