3434 5500
170 465 284 530 Lmen
301 468 467 548 Saeuum]
497 465 740 538 PRINCIPIA
764 467 1136 534 MATHEMATICA.
1400 476 1460 532 195

171 646 206 699 ut
219 635 426 700 reflexionum
453 637 762 721 correspondentium
783 637 907 701 numeri
928 649 961 700 et
980 638 1061 700 vires
1084 637 1283 722 conjunctim.
1328 637 1461 701 Numeri

169 757 275 810 autern
297 747 502 810 reflexionum
524 747 652 810 suntad
665 747 798 810 invicem
812 760 848 810 ut
863 746 1038 815 velocitates
1058 747 1195 828 partium
1217 744 1460 828 corresponden-

171 853 249 916 tium
264 851 391 931 directi,
407 864 440 916 et
454 853 553 937 spatia
567 854 772 916 intereamm
787 853 971 916 reflexiones
986 850 1117 915 inverse.
1163 851 1207 914 Et
1220 851 1302 914 vires
1316 850 1460 914 reflexio-

170 981 246 1022 num
262 972 334 1024 sunt
347 973 384 1024 ut
397 961 575 1024 velocitates
590 971 622 1024 et
636 960 866 1048 magnitudines
881 973 914 1024 et
927 959 1096 1023 densitates
1117 959 1253 1043 partium
1275 981 1460 1043 correspon·
1501 1003 1506 1010 -

169 1068 309 1131 dentium
318 1069 507 1153 conjunctim
515 1092 525 1145 3
541 1067 642 1146 idest,
658 1082 696 1133 ut*
704 1070 881 1133 velocitates
890 1081 922 1133 et
931 1068 1156 1132 diametrorum
1166 1068 1240 1133 cubi
1250 1068 1460 1132 etdensitates

168 1177 314 1260 partium.
361 1180 404 1243 Et
418 1180 591 1264 conjunctis
605 1179 655 1242 his
670 1180 814 1243 omnibus
828 1179 1021 1257 rationibus·
1034 1179 1219 1242 resistentiae
1240 1177 1376 1262 partium
1389 1198 1460 1240 cor-

167 1285 424 1369 respondentium
448 1297 522 1348 sunt
550 1285 591 1349 ad
618 1285 751 1349 invicem
781 1297 817 1350 ut
846 1285 998 1371 quadrata
1022 1285 1220 1349 velocitatum
1248 1295 1281 1348 et
1299 1277 1460 1369 'pmdrata

167 1392 392 1458 diametrorum
406 1405 438 1458 et
452 1395 619 1459 densitates
633 1396 770 1480 partium
784 1396 984 1481 conjunctim.
1027 1396 1070 1472 Q.
1085 1419 1113 1460 e.
1129 1395 1161 1460 d.

212 1509 312 1572 Corol.
327 1516 355 1570 1.
402 1507 504 1594 Igitur
524 1507 551 1571 si
571 1519 740 1593 systemata
761 1507 816 1571 illa
837 1509 900 1570 sint
921 1506 1018 1570 fluida
1036 1506 1101 1569 duo
1122 1506 1247 1570 elastica
1268 1506 1310 1569 ad
1330 1507 1459 1570 modum

168 1613 257 1690 airis,
276 1625 316 1678 -et
336 1625 441 1697 partes
463 1635 571 1677 eorum
594 1615 754 1699 quiescant
776 1614 857 1677 inter
872 1636 923 1677 se:
947 1634 1082 1707 co'rpora
1096 1624 1201 1676 autem
1216 1613 1281 1676 duo
1295 1610 1460 1677 similia'et

167 1721 308 1806 partibus
328 1718 498 1784 fluidorum
520 1721 625 1807 quoad
645 1720 892 1807 magnitudinem
907 1731 939 1782 et
952 1718 1136 1782 densitatem
1151 1719 1405 1802 proportionalia,
1428 1733 1461 1784 et

167 1826 249 1890 inter
269 1837 373 1910 partes
393 1825 462 1888 illas
485 1825 625 1888 similiter
644 1825 756 1908 posita,
781 1823 954 1888 secundum
975 1823 1072 1886 lineas
1098 1823 1239 1886 similiter
1259 1817 1392 1906 positas'
1410 1838 1459 1888 ut-

167 1956 288 2021 cunque
298 1933 500 2018 projiciantur
507 1957 519 2011 3
531 1935 613 1997 vires
623 1946 727 1997 autem
738 1932 977 2008 acceleratrices,
994 1933 1106 2017 quibus
1117 1933 1277 2016 particulae
1287 1933 1459 1997 fluidorum

168 2063 201 2106 se
215 2052 328 2104 mutuo
343 2041 472 2127 agitant,
489 2040 551 2104 sint
565 2051 601 2103 ut
615 2060 783 2124 corporum
797 2041 1009 2124 projectorum
1023 2039 1167 2103 diametri
1181 2039 1314 2116 inverse,
1337 2052 1369 2103 et
1383 2062 1459 2125 qua·

90 2173 101 2188 ·
167 2149 257 2213 drata
270 2148 470 2212 velocitatum
484 2147 620 2212 directe:
636 2171 769 2232 corpora
778 2147 1035 2231 illatemporibus
1044 2148 1331 2232 proportionalibus
1342 2150 1458 2213 similes

169 2258 349 2322 excitabunt
363 2269 466 2321 motus
481 2257 514 2320 in
528 2257 643 2335 fluidis,
667 2270 699 2322 et
713 2259 812 2342 spatia
833 2257 946 2322 similia
959 2280 996 2322 ac
1010 2257 1167 2323 diametris
1189 2261 1252 2323 suis
1275 2260 1311 2344 (ο)
1326 2247 1459 2345 propor-

169 2365 297 2430 tionalia
312 2365 498 2431 describent.

214 2477 314 2540 Corol.
331 2483 361 2541 2.
408 2476 547 2542 Proinde
561 2477 595 2541 in
609 2477 720 2542 eodem
734 2478 833 2542 fluido
853 2478 1019 2564 projectile
1040 2478 1132 2542 velox
1153 2478 1358 2542 resistentiam
1377 2478 1458 2561 pati-

168 2591 236 2660 tur,-
245 2605 316 2667 quae
332 2583 426 2646 estin
440 2582 596 2668 duplicati
612 2585 732 2648 ratione
745 2584 916 2649 velocitatis
932 2583 1025 2671 quim
1038 2582 1190 2668 proxime.
1232 2583 1317 2647 Nam
1327 2584 1354 2646 si
1364 2581 1456 2661 vires,

172 2689 283 2774 quibus
304 2690 465 2774 particulae
486 2691 636 2756 distantes
651 2715 684 2757 se
699 2703 808 2756 mutuo
822 2693 950 2781 agitant,
973 2704 1162 2781 augerentur
1183 2693 1216 2756 in
1236 2691 1392 2777 duplicati
1407 2713 1458 2756 ra-

171 2796 255 2860 tione
270 2796 449 2877 velocitatis,
474 2799 513 2883 (¹¹)
529 2800 701 2863 resistentia
715 2800 795 2864 foret
809 2801 841 2863 in
856 2800 966 2865 eidem
981 2801 1101 2865 ratione
1123 2800 1280 2884 duplicati
1295 2798 1457 2878 accurate3

129 2934 131 2941 ¹
171 2912 207 2995 (‘)
222 2911 356 2997 ideoque
369 2912 402 2974 in
417 2912 531 2991 medio,
555 2915 642 2999 cujus
657 2924 761 2997 partes
776 2914 817 2977 ab
831 2914 965 2978 invicem
979 2914 1128 2978 distantes
1143 2937 1211 2978 sese
1232 2913 1350 2977 viribus
1363 2912 1457 2975 nullis

169 3019 296 3107 agitant,
321 3021 495 3085 resistentia
515 3036 562 3087 est
583 3024 616 3085 in
638 3022 796 3107 duplicati
817 3025 939 3088 ratione
959 3024 1130 3088 velocitatis
1156 3022 1309 3089 accurate.
1356 3024 1456 3088 Sunto

166 3126 263 3212 igitur
276 3124 379 3188 media
393 3126 453 3189 tria
467 3128 508 3203 A,
526 3126 564 3204 Β,
584 3127 617 3191 C.
627 3150 667 3191 ex
680 3128 821 3212 partibus
842 3128 992 3192 similibus
1007 3139 1039 3192 et
1053 3126 1224 3214 aequalibus
1239 3142 1271 3193 et
1285 3127 1456 3192 secundum

167 3233 325 3297 distantias
341 3234 674 3323 aequales'regulariter
696 3238 853 3323 dispositis
869 3240 1049 3303 constantia.
1095 3240 1204 3304 Partes
1226 3236 1401 3303 mediorum
1424 3242 1456 3301 A

167 3355 198 3407 et
213 3344 242 3408 B
257 3342 380 3430 fugiant
395 3367 428 3409 se
443 3356 553 3409 mutuo
567 3346 684 3410 viribus
701 3369 772 3433 quae
786 3348 848 3411 sint
862 3347 903 3411 ad
917 3348 1050 3411 invicem
1063 3360 1100 3411 ut
1120 3346 1152 3411 T
1166 3358 1198 3411 et
1212 3348 1253 3425 V,
1277 3347 1339 3409 illae
1360 3345 1456 3409 medii

169 3448 197 3513 C
211 3448 363 3533 ejusmodi
377 3450 494 3514 viribus
509 3450 638 3515 omnini>
655 3452 871 3517 destituantur.
917 3452 961 3518 Et
976 3454 1002 3516 si
1017 3475 1149 3537 corpora
1170 3467 1303 3540 quatuor
1324 3450 1456 3536 aequalia

167 3556 211 3635 D,
228 3557 267 3635 E,
286 3556 322 3635 F,
340 3558 372 3623 G
392 3559 427 3621 in
447 3558 497 3623 his
519 3559 630 3625 mediis
645 3573 838 3639 moveantur,
866 3562 972 3644 priora
993 3560 1057 3624 duo
1081 3561 1115 3625 D
1138 3574 1170 3627 et
1194 3561 1223 3625 E
1244 3561 1277 3624 in
1298 3558 1455 3644 prioribus

167 3769 192 3819 itt
207 3773 340 3822 occursibus
358 3777 382 3823 ia
392 3785 432 3834 est,
450 3786 478 3826 ut
493 3778 619 3826 velocitates
635 3786 658 3826 et
673 3780 796 3826 dmmtro·
828 3776 934 3825 dentium
944 3776 1069 3824 diametros
1079 3784 1103 3823 et
1113 3776 1243 3833 densimtes,
1256 3776 1389 3824 resistentia
1400 3784 1468 3824 sunt

167 3852 223 3885 rum
231 3840 440 3889 wbtademuata
447 3844 793 3903 partiumcorresymidmtum.
826 3841 854 3888 in
869 3838 989 3902 dupIIcati
1007 3841 1096 3887 retiam
1113 3840 1261 3887 velocitatum
1277 3839 1383 3889 etcmtd
1404 3845 1456 3903 (per

166 3902 202 3949 Bt
213 3902 340 3963 conjunctis
351 3904 385 3951 Itis
396 3907 500 3953 omnam
511 3907 645 3962 rationibus,
656 3906 699 3953 &c
830 3905 903 3965 Prop.
922 3904 1061 3952 XXXIII.
1082 3913 1106 3952 et
1126 3904 1177 3967 eius
1200 3904 1277 3953 Corol.
1300 3904 1343 3965 1.).
1379 3903 1454 3967 Ergo,

199 3964 234 4025 (⁰)
258 3969 271 3997 *
296 3969 479 4027 Propertioaalio
506 3971 639 4021 describent.
683 3966 798 4017 Probatur
829 3970 871 4017 &a
1489 3984 1490 3988 ’

167 4028 230 4073 enim
251 4036 279 4075 ut
299 4030 325 4075 in
346 4030 406 4077 dem.
431 4032 501 4091 Prop.
527 4032 649 4079 XXXII.
674 4032 798 4080 Lemmate
862 4032 924 4096 (Ψ
938 4033 1215 4095 [ermenasiam.
1246 4032 1278 4079 In
1293 4030 1371 4079 medio
1389 4034 1457 4095 quus

169 4092 240 4153 (189)
258 4092 344 4141 similes
354 4094 468 4143 simiIium
478 4095 609 4157 figurarum
620 4104 697 4157 partes
707 4106 798 4157 tempo-
829 4107 907 4156 partes
917 4098 946 4153 ab
956 4096 1056 4143 invicem
1067 4096 1178 4144 distantes
1193 4112 1243 4143 sese
1255 4096 1345 4143 viribus
1360 4096 1456 4156 quibus-

166 4154 231 4203 ribus
246 4157 456 4216 proportionalibus
465 4175 480 4205 a
491 4161 628 4219 corporibus
646 4160 693 4206 Illis
708 4175 799 4220 semper
829 4176 931 4221 cumque
940 4161 966 4206 in
976 4160 1065 4207 wdone
1076 4160 1202 4208 velocitatis
1210 4159 1328 4219 duplicati
1336 4160 1464 4207 crescenti.

167 4218 271 4267 describi·
301 4220 372 4268 Unde
382 4222 541 4270 Corollarium
552 4224 596 4271 hoc
608 4233 671 4285 patet
679 4226 731 4289 (per
741 4225 795 4272 Cor.
829 4226 875 4271 bus
883 4224 980 4286 agitem,
992 4224 1120 4271 resistentia
1126 4227 1171 4335 du
1182 4222 1254 4272 modo
1263 4224 1339 4285 dem.)
1351 4232 1385 4271 est
1395 4238 1456 4269 sem-

170 4287 191 4331 1.
204 4292 228 4329 et
240 4289 262 4330 9.
278 4284 348 4344 Prop.
362 4285 526 4349 XXXII.).1
830 4288 907 4347 perin
918 4286 1000 4335 eidem
1018 4287 1108 4335 ratione
1142 4287 1258 4348 uplicati3
1277 4286 1348 4349 quare
1363 4287 1382 4333 si
1398 4286 1457 4332 vires

199 4346 232 4409 (⁶)
245 4351 259 4378 ¹⁸
272 4351 478 4414 Redueutmforet
490 4349 607 4401 ineditam
619 4354 709 4399 ratione
720 4354 801 4413 dupli·
831 4352 878 4397 illas
888 4352 973 4413 quibus
983 4350 1102 4410 particula
1118 4367 1167 4399 sese
1182 4353 1278 4415 agitant,
1298 4359 1458 4412 supponantur

169 4408 351 4461 cartaccuratt.
387 4414 450 4461 Nam
461 4415 480 4461 si
491 4415 554 4462 idem
566 4430 650 4474 corpus
666 4412 729 4470 ueni
744 4430 801 4462 cum
831 4413 904 4476 quim
920 4415 1032 4470 minime,
1053 4416 1156 4461 manebit
1175 4431 1266 4476 semper
1285 4413 1413 4461 ιωίειειιιίιι
1431 4413 1456 4459 Iu

169 4473 290 4522 velocitate
301 4475 326 4523 in
336 4490 387 4524 uno
402 4477 532 4541 eodemque
547 4478 620 4527 fluido
631 4477 736 4525 similiter
745 4492 799 4537 pro·
831 4479 921 4525 ratIons
929 4478 1055 4525 velocitatis
1063 4477 1180 4539 duplicati
1190 4477 1296 4526 accurate
1304 4495 1312 4533 ;
1320 4486 1458 4524 evanescant

164 4536 264 4598 jiciatua
283 4539 373 4587 eedem
390 4552 446 4593 sunt
461 4543 604 4597 renuentia,
624 4557 652 4589 ac
668 4542 688 4587 si
706 4556 802 4601 corpora
833 4542 929 4589 tandem
945 4542 992 4587 iltae
1008 4542 1073 4598 vires,
1090 4553 1171 4591 manet
1185 4541 1313 4588 resistentia
1327 4540 1353 4586 in
1367 4539 1458 4589 ratione

168 4600 216 4648 duo
228 4602 347 4653 similiaet
362 4604 462 4667 equalis
471 4600 578 4653 similiter
593 4606 761 4669 projicerentur
775 4606 801 4651 in
833 4603 960 4656 velocitatis
975 4605 1107 4665 duplicem
1126 4606 1240 4655 sedidem
1250 4605 1335 4650 melius
1345 4613 1409 4664 patet
1417 4619 1459 4664 per

168 4662 259 4713 duobus
269 4664 347 4713 fluidis
357 4669 427 4727 priori
438 4669 536 4716 omniuo
547 4669 656 4729 peribus3
669 4664 711 4717 sed
721 4670 800 4717 inboc
831 4669 959 4720 secundam
970 4679 1060 4729 partem
1070 4668 1271 4719 demonstrationis
1291 4667 1458 4728 ProposItIouis

168 4740 229 4789 cusu,
250 4732 281 4779 ob
303 4732 403 4793 equales
421 4733 487 4781 inter.
500 4748 525 4781 se
542 4733 655 4795 partium.
665 4748 799 4795 correspun·
830 4734 903 4797 hujus
914 4728 1062 4781 XXXIIL'

787 4816 840 4865 NR
