3434 5500
249 390 313 450 tle
420 436 422 439 s
529 370 1199 445 .PH1L080PH1AE··NATURALIS
1265 366 1538 449 [Mosconnum

247 561 324 615 nant
337 548 419 616 inter
432 570 475 613 se.
520 547 574 613 Sic
587 548 621 611 in
634 544 789 632 principio
804 545 885 631 signi
899 542 1050 631 Virginis,
1077 540 1133 604 ubi
1155 537 1313 625 aphelium
1336 535 1452 601 Martis
1470 536 1539 619 jam

246 670 397 735 versatur,
419 658 564 721 distantia
577 656 658 721 inter
673 656 764 720 orbes
780 654 895 719 Martis
909 665 941 717 et
955 652 1088 717 Veneris
1103 661 1149 715 est
1164 649 1205 717 ad
1220 648 1400 713 distantiam
1421 668 1535 712 eorun-

248 766 322 829 dem
345 764 469 827 orbium
490 763 523 825 in
545 762 701 847 principio
721 762 802 849 signi
825 760 963 827 Piscium
977 768 1012 822 ut
1026 758 1086 822 tria
1101 756 1142 820 ad
1156 756 1220 821 duo
1236 755 1367 832 circiter,
1393 765 1425 819 et
1438 775 1535 839 prop·

246 882 333 935 terea
356 868 486 933 materia
511 868 634 942 vorticis
660 868 742 931 inter
764 866 858 938 orbes
880 866 950 929 illos
971 864 1005 927 in
1026 862 1180 947 principio
1197 862 1336 927 Piscium
1352 860 1446 924 debet
1468 882 1536 923 esse

247 979 383 1045 velocior
397 975 491 1065 quim
505 980 539 1043 in
552 978 705 1064 principio
720 976 858 1063 Virginis
874 976 910 1059 (f)
923 975 955 1037 in
967 974 1086 1037 ratione
1098 972 1192 1035 trium
1207 969 1248 1034 ad
1263 970 1337 1033 dun.
1375 969 1458 1032 Nam
1471 990 1535 1053 quo

247 1090 408 1178 angustius
423 1103 471 1155 est
485 1091 620 1176 spatium
634 1110 692 1173 per
706 1087 792 1175 quod
813 1086 922 1151 eadem
943 1084 1081 1148 materiae
1103 1082 1258 1169 quantitas
1281 1080 1393 1145 eodem
1413 1077 1536 1143 revolu-

246 1200 339 1263 tionis
364 1201 457 1264 unius
480 1212 622 1284 tempore
645 1195 765 1272 transit,
790 1217 829 1259 eo
852 1194 964 1279 majori
987 1215 1059 1257 cum
1084 1191 1248 1255 velocitate
1273 1190 1406 1253 transire
1431 1188 1534 1252 debet.

247 1307 350 1395 Igitur
364 1308 389 1372 si
405 1308 506 1373 Terra
517 1307 550 1369 in
565 1306 624 1371 hac
638 1303 767 1370 materici
783 1304 899 1369 coelesti
914 1302 1041 1367 relative
1063 1302 1225 1387 quiescens
1241 1300 1281 1363 ab
1296 1299 1333 1363 ei
1349 1298 1535 1375 deferretur,

247 1426 279 1480 et
300 1413 363 1478 und
388 1415 471 1479 circa
495 1413 600 1479 Solem
629 1412 849 1487 revolveretur,
875 1410 910 1493 (¹)
935 1408 1016 1472 foret
1039 1408 1132 1493 hujus
1156 1406 1304 1471 velocitas
1327 1406 1359 1468 in
1381 1404 1537 1489 principio

248 1520 387 1585 Piscium
397 1521 437 1585 ad
448 1520 586 1605 ejusdem
597 1517 994 1601 velocitatemiuprincipie
1005 1515 1314 1603 Virginisinratione
1324 1512 1535 1600 sesquialteri.

248 1626 286 1711 (²)
304 1626 400 1692 Unde
416 1628 498 1692 Solis
512 1639 615 1691 motus
637 1625 767 1689 diurnus
789 1645 942 1718 apparens
957 1623 989 1685 in
1003 1622 1158 1706 principio
1172 1622 1312 1709 Virginis
1333 1622 1433 1706 major
1453 1632 1536 1684 esset

248 1730 341 1819 quim
355 1734 548 1797 minutorum
569 1734 742 1816 primorum
763 1730 969 1817 septuaginta,
993 1729 1076 1793 etin
1095 1728 1250 1813 principio
1274 1728 1411 1791 Piscium
1433 1726 1537 1789 minor

248 1838 341 1924 quim
356 1840 547 1903 minutorum
558 1838 764 1925 quadraginta
775 1849 863 1900 octo:
880 1834 991 1898 ctcrim
1000 1847 1103 1898 tamen
1117 1832 1320 1917 (experientiis
1332 1833 1422 1913 teste)
1438 1854 1536 1916 appa-

247 1968 319 2008 rens
331 1946 389 2009 iste
403 1946 483 2010 Solis
492 1957 596 2008 motus
607 1945 707 2029 major
716 1943 757 2006 sit
768 1944 800 2005 in
814 1941 970 2026 principio
984 1941 1121 2005 Piscium
1137 1938 1231 2025 quim
1245 1940 1277 2001 in
1289 1939 1445 2024 principio
1460 1939 1536 2002 Vir·

246 2052 338 2139 ginis,
364 2063 396 2115 et
409 2064 577 2135 propterea
592 2053 694 2116 Terra
707 2054 843 2119 velocior
856 2054 889 2115 in
904 2052 1059 2137 principio
1070 2051 1209 2139 Virginis
1225 2049 1318 2138 quam
1333 2052 1366 2114 in
1380 2051 1537 2137 principio

249 2160 397 2224 Piscium.
446 2164 487 2243 (¹¹)
504 2160 614 2245 Itaque
634 2160 815 2246 hypothesis
832 2161 983 2225 vorticum
1000 2182 1071 2224 cum
1088 2158 1303 2245 phaenomenis
1321 2160 1536 2223 astronomicis

247 2267 376 2329 omnino
388 2276 518 2351 pugnat,
541 2277 572 2328 et
586 2288 651 2329 non
665 2279 729 2329 tam
744 2267 786 2330 ad
799 2267 1002 2356 explicandos
1016 2264 1109 2353 qudm
1124 2266 1164 2329 ad
1178 2266 1408 2350 perturbandos
1431 2281 1536 2332 motus

248 2375 388 2437 coelestes
404 2372 559 2437 conducit.
616 2375 786 2449 Quomodo
806 2375 881 2439 verb
901 2385 1003 2442 motus
1026 2374 1077 2443 isti
1098 2374 1132 2435 in
1155 2374 1261 2457 spatiis
1287 2373 1393 2439 liberis
1415 2376 1536 2461 absque

247 2484 416 2548 vorticibus
430 2494 632 2571 peraguntur,
654 2484 785 2573 intelligi
806 2497 909 2571 potest
923 2507 963 2551 ex
977 2482 1076 2548 Libro
1096 2482 1208 2573 primo,
1231 2495 1263 2547 et
1277 2466 1310 2549 iri
1326 2469 1444 2549 Mundi
1460 2486 1536 2570 Sys·

248 2605 362 2657 temate
375 2592 498 2677 plenius
512 2592 683 2658 docebitur.

265 2780 315 2891 ,P
327 2783 342 2813 θ
354 2782 387 2830 In
402 2782 490 2828 cutione
504 2781 576 2829 ινίιιιιι
586 2783 617 2828 nd
627 2783 673 2830 duo
690 2783 742 2846 (per
752 2789 800 2828 not.
814 2796 873 2842 praa-
907 2783 949 2831 X:
964 2781 1149 2830 M-X=8:
1162 2779 1387 2839 2,undeinvenitur
1399 2765 1534 2843 X=lM

250 2859 264 2890 c
301 2843 312 2905 )
906 2867 940 2892 =
953 2845 1012 2895 707'‘
1023 2861 1092 2912 quam
1111 2845 1222 2906 proxime,
1241 2861 1269 2893 ac
1287 2844 1384 2906 proinde
1400 2845 1444 2890 erit
1456 2845 1484 2890 M
1498 2844 1531 2908 -l-

284 2907 316 2971 (⁸)
327 2910 342 2940 θ
354 2911 426 2957 Feret
436 2908 507 2970 lrrjuc
517 2911 627 2956 ucbcitns.
661 2908 700 2955 Er
712 2909 876 2956 obsmadoni-
910 2911 936 2957 X
952 2929 987 2956 =
1004 2907 1080 2958 4255¹¹
1095 2929 1130 2954 =
1148 2909 1184 2958 70'
1199 2910 1232 2974 †
1245 2911 1297 2965 55'',
1317 2919 1341 2956 et
1360 2909 1389 2956 M
1405 2933 1438 2946 -
1455 2907 1480 2954 X
1497 2926 1533 2952 =

251 2973 297 3018 bus
312 2972 471 3046 astronomicis
487 2983 577 3019 constat
594 2974 691 3020 Terram
706 2973 767 3020 inter·
778 2973 878 3021 Veneris
909 2974 984 3022 2841¹¹
996 2993 1030 3018 =
1041 2972 1079 3022 47¹
1088 2975 1120 3048 †
1134 2972 1184 3020 21¹¹.
1222 2972 1288 3036 Ergo
1301 2973 1361 3018 Solis
1375 2981 1453 3019 motus
1469 2969 1534 3017 diur-

252 3043 277 3082 et
288 3036 373 3082 Martrs
383 3038 449 3082 orbes
458 3037 555 3096 pontum
566 3051 622 3083 este.
909 3053 954 3085 nus
971 3053 1082 3098 appatens
1098 3052 1124 3083 ιιι
1142 3036 1254 3098 principio
1267 3036 1370 3098 Virginis
1385 3037 1459 3100 major
1474 3043 1535 3082 esset

285 3100 318 3162 (¹)
339 3103 353 3130 *
375 3099 441 3148 Uadi
462 3102 518 3148 Solis
537 3109 612 3148 metm
633 3103 734 3151 aarum
751 3118 885 3163 apparens..
905 3101 975 3164 quim
992 3101 1138 3148 minutorum
1157 3101 1285 3160 primorum
1297 3100 1449 3162 septuaginta,
1468 3109 1492 3146 et
1507 3099 1534 3145 in
1554 3121 1555 3125 ¹

254 3163 306 3209 Hic
326 3172 404 3209 motus
425 3171 460 3210 est
479 3163 581 3225 angulus
598 3179 667 3227 quem
687 3166 734 3220 Sol,
756 3165 826 3212 radiis
843 3163 875 3212 ad
907 3165 1020 3226 principio
1032 3165 1135 3212 Piscium
1144 3166 1220 3211 minor
1227 3163 1298 3226 quim
1305 3164 1449 3210 minutorum
1458 3163 1533 3224 quad·

254 3221 351 3277 Terram
368 3226 452 3284 ductis,
474 3228 567 3288 proprio
584 3238 651 3275 motu
668 3232 697 3276 ab
715 3228 834 3276 occidente
848 3229 876 3276 itt
906 3229 998 3292 raginta
1019 3237 1086 3287 octo3
1111 3225 1166 3274 clim
1188 3237 1265 3274 tamen
1286 3243 1314 3274 ex
1337 3227 1532 3275 observationibus

252 3289 365 3336 orientem
381 3305 522 3352 unoquoque
538 3291 577 3338 die
592 3291 719 3339 describere
734 3291 801 3339 nobis
812 3291 875 3339 vide·
907 3293 1065 3341 astronomicis
1083 3291 1122 3339 Sol
1134 3293 1160 3341 in
1171 3291 1284 3352 principio
1296 3291 1401 3352 Virginis
1411 3307 1425 3336 e
1436 3290 1533 3338 Tellure

252 3362 299 3407 tur,
319 3369 390 3415 quem
407 3355 503 3416 quidem
524 3357 639 3417 angulum
658 3357 738 3411 Terra,
760 3356 830 3404 radiis
844 3356 876 3404 ad
907 3358 971 3404 visus
988 3364 1055 3403 motu
1076 3356 1162 3402 diurno
1182 3355 1296 3402 conficere
1315 3355 1420 3402 videatur
1438 3355 1532 3402 minuta

255 3417 334 3465 sorem
344 3417 428 3472 ductis,
445 3419 469 3464 in
480 3419 599 3480 hypothesi
613 3419 762 3479 Copemieeri,
773 3419 872 3469 consata
907 3422 982 3480 prima
993 3425 1024 3468 58
1038 3418 1131 3467 tautum
1150 3420 1174 3466 in
1190 3419 1304 3480 principio
1321 3420 1425 3466 Piscium
1439 3418 1532 3466 minuta

255 3479 331 3528 Porrd
341 3482 487 3528 notissimum
498 3492 538 3535 est,
549 3483 663 3530 circulum
673 3483 741 3530 illum
752 3498 823 3545 quem
835 3483 887 3531 Sol
908 3485 983 3546 prima
993 3489 1026 3532 60
1036 3500 1076 3531 seu
1088 3482 1187 3546 gradum
1198 3491 1287 3532 unum?

253 3544 315 3590 inter
331 3544 391 3591 fixas
407 3554 474 3594 motu
491 3561 571 3594 annuo
587 3547 714 3594 describere
732 3547 829 3602 ridetur,
846 3550 876 3595 ab
941 3549 975 3613 (⁰)
994 3551 1103 3610 *Iraque
1118 3550 1242 3610 tyrrotiesir
1256 3549 1374 3596 cortinam.
1411 3545 1531 3600 Quoniam
1562 3586 1564 3589 .

254 3609 391 3656 mmonomin
409 3608 481 3656 dividi
499 3610 525 3656 in
539 3619 614 3670 parter
629 3610 752 3658 duodecim
768 3611 876 3674 aequales,
909 3613 1001 3660 vorticis
1016 3612 1111 3660 materia
1127 3612 1225 3660 circulos
1236 3611 1343 3660 describit
1353 3611 1463 3673 aequatori
1480 3625 1531 3657 vor-

241 3687 294 3746 ·seu
306 3673 373 3734 signa
382 3687 483 3746 quonam
493 3675 543 3720 hec
553 3673 602 3722 duo
615 3673 689 3737 Virgo
698 3683 723 3721 et
734 3675 812 3722 Pisces
822 3683 878 3723 sun't
909 3677 961 3724 ticin
981 3675 1110 3737 parallelos,
1134 3691 1227 3722 necesse
1247 3683 1282 3722 est
1304 3679 1356 3736 (per
1377 3676 1436 3721 hanc
1457 3673 1528 3732 Prop-

253 3735 339 3783 duecte
349 3746 462 3796 opposita,
481 3735 515 3784 iat
525 3747 552 3784 ut
562 3737 620 3784 dum
632 3738 740 3786 Terrain
754 3740 875 3800 hypothesi
908 3739 1000 3801 LIII.)
1019 3749 1046 3787 ut
1063 3739 1162 3799 planetae
1182 3753 1264 3786 omnes
1284 3739 1389 3785 serantur
1408 3739 1433 3784 irr
1450 3738 1531 3784 orbitis

256 3800 387 3874 Copemici,
406 3802 475 3874 estin
486 3801 599 3860 principio
616 3802 727 3860 Piscium,
748 3802 788 3850 sot
804 3819 875 3864 appa-
907 3805 1017 3866 aequaturi
1033 3803 1154 3864 parallelis,
1170 3803 1210 3850 sed
1225 3805 1371 3850 observatum
1387 3811 1421 3848 est
1437 3799 1531 3848 nullum

254 3873 303 3910 reat
313 3879 338 3909 ιιι
348 3865 461 3924 principio
473 3865 578 3928 Virginis
593 3875 617 3912 et
631 3865 720 3913 round.
757 3866 820 3914 cum
831 3867 875 3929 igi-
907 3867 1025 3928 planetam
1043 3868 1067 3913 in
1087 3867 1162 3914 orbiti
1180 3867 1291 3928 requatori
1309 3865 1418 3926 parallela
1436 3867 1530 3913 revolu-

253 3927 421 4002 tarmgularts
437 3929 545 3976 velocitas
556 3929 635 3976 Terrae
651 3929 677 3975 in
693 3930 806 3991 principio
824 3931 876 3978 Pis-
908 3932 983 3979 tiones
993 3947 1046 3979 suas
1056 3930 1179 3988 absolvere,
1199 3940 1223 3977 et
1233 3940 1334 3978 cometas
1345 3930 1412 3976 variis
1422 3930 1530 3976 directio-

253 4005 318 4065 crura
328 3989 402 4065 sit'ad·
413 3993 465 4054 ejus
479 3992 622 4040 mocimtern
631 3995 768 4056 angularem
777 3995 802 4040 in
813 3995 877 4055 priu-
909 3995 978 4042 nibus
993 3996 1019 4041 in
1037 4009 1118 4042 omnes
1133 3995 1184 4042 coeli
1199 3996 1279 4056 plagas
1294 3995 1354 4041 ferri.
1388 3993 1480 4040 Eadem
1496 4001 1531 4041 est

253 4070 314 4115 crpro
334 4055 439 4128 Vrrgrnis
454 4057 549 4104 utsad
564 4063 587 4114 2,
609 4058 670 4104 Solis
685 4067 763 4104 motus
777 4058 877 4106 diurnus
909 4059 1032 4107 difficultas
1047 4059 1067 4104 si
1083 4075 1124 4119 per
1139 4060 1186 4105 vim
1202 4059 1356 4121 centrifugam
1367 4059 1467 4118 partium
1479 4072 1531 4108 vor·

253 4134 367 4179 apparens
385 4133 410 4164 m
428 4121 542 4181 principio
553 4121 660 4183 Virginis
674 4129 709 4170 est
723 4121 753 4168 ad
764 4123 817 4185 ejus
825 4138 877 4170 mo-
909 4123 961 4170 tieis
970 4124 1098 4183 explicetur
1107 4122 1142 4169 vis
1153 4123 1279 4181 centripeta
1288 4137 1329 4169 seu
1338 4123 1437 4184 gravitas
1448 4135 1530 4182 corpo·

253 4190 305 4256 turn
315 4192 464 4243 apparentem
474 4184 499 4230 in
510 4186 623 4246 principio
640 4185 780 4233 Piscinmin
794 4186 876 4234 eidem
909 4203 963 4235 rum
985 4203 1038 4249 quis
1059 4187 1089 4234 ad
1110 4201 1178 4234 axem
1199 4187 1290 4233 vorticis
1310 4185 1531 4246 perpendiculariter

253 4253 368 4294 tatrones
379 4246 410 4293 ad
421 4253 443 4296 2.
479 4248 540 4295 Solis
553 4259 632 4296 motus
649 4249 748 4296 diurnus
765 4266 878 4310 apparens
909 4251 1003 4298 tendere
1013 4250 1131 4305 deberent.
1149 4265 1196 4296 non
1208 4248 1263 4298 vend
1274 4249 1304 4297 ad
1316 4249 1407 4296 vorticis
1423 4261 1531 4306 centrum

212 4316 216 4322 “
253 4310 346 4357 medius
362 4320 397 4358 est
412 4311 558 4358 minutorum
576 4313 707 4374 primorum
718 4320 749 4362 59
760 4323 877 4362 etsecun-
909 4315 987 4377 dirigi.
1023 4314 1068 4362 Sed
1079 4313 1108 4362 de
1118 4315 1156 4361 his'
1166 4314 1218 4362 vide
1231 4315 1292 4361 Acta
1304 4313 1397 4360 Erudit.
1413 4313 1476 4374 Lips
1492 4329 1531 4362 an.

254 4373 338 4446 dprum
353 4381 375 4428 8,
395 4390 438 4422 seu
453 4377 690 4434 secundorum3548,
708 4378 749 4438 qui
763 4393 877 4425 numerus
912 4385 1021 4426 resset
1041 4382 1127 4436 1695.;
1151 4378 1234 4426 Disria
1252 4378 1346 4426 Erudit.
1370 4381 1439 4425 1703.
1460 4383 1531 4426 1701.

172 4500 175 4506 ἱ
253 4436 343 4484 dicatur
355 4439 399 4495 M;
416 4439 488 4500 quare
504 4439 524 4486 si
542 4440 602 4486 Solis
611 4449 689 4488 motus
698 4441 797 4488 diurnus
806 4457 877 4502 appa·
911 4443 1069 4490 Monumenta
1089 4443 1160 4489 Acad.
1178 4441 1251 4489 Paris.
1267 4447 1336 4492 1709.
1352 4441 1535 4494 Dissernsoues

253 4515 306 4576 rens
316 4502 342 4549 in
351 4503 466 4576 principio
476 4503 591 4578 Ibrginis,
602 4514 746 4564 ponatur:
759 4500 788 4552 M
797 4507 830 4569 -Ι-
843 4507 876 4562 X,
909 4506 995 4554 clariss.
1009 4507 1116 4569 liugenii
1127 4516 1152 4554 et
1164 4505 1306 4582 Bnlffingeri
1315 4505 1345 4555 de
1358 4503 1438 4568 causei,
1449 4505 1534 4562 Gratia

253 4574 277 4612 et
287 4581 312 4612 ιιι
322 4581 436 4627 pnncrpro
454 4568 557 4615 Prseium
568 4587 603 4614 =
616 4568 645 4616 Μ
655 4595 688 4610 -
701 4569 830 4626 21,th
842 4572 875 4633 4-
909 4571 969 4618 tatis.

718 4715 815 4766 FlNlS
832 4716 928 4768 ΤΟΜΙ
952 4715 1122 4770 sEcuerI,
