3434 5500
164 430 276 494 Lmen
293 430 459 509 Saeuum]
491 427 736 494 PRINCIPIA
760 427 1135 494 MATHEMATICA.
1394 437 1458 496 249

162 597 253 685 aqua,
277 620 362 682 saepe
376 598 514 676 demissi,
536 598 691 663 cadebant
704 598 898 682 temporibus
913 596 1140 661 oscillatiouum
1165 600 1236 678 173,
1261 606 1313 675 18,
1339 602 1399 680 181
1423 610 1456 663 et

164 715 214 782 19,
233 705 442 771 describentes
457 707 655 771 altitudinem
670 705 840 793 digitorum
857 713 951 790 181ξ.
996 705 1039 769 Et
1053 706 1111 801 ubi·
1122 706 1301 770 ceciderunt
1316 719 1455 791 tempore
1525 698 1529 705 ¹

161 814 390 879 oscillationum
407 824 458 893 19,
474 836 702 900 nonnunquam
715 813 820 879 audivi
834 813 1006 897 impulsum
1019 832 1129 877 eorum
1144 812 1178 875 in
1191 811 1290 877 latera
1305 814 1384 877 vasis
1398 836 1454 878 an·

160 935 288 1009 tequam
302 924 343 987 ad
357 924 491 989 fundum
505 937 724 1010 pervenerunt.

206 1029 269 1096 Per
290 1032 445 1097 theoriam
458 1032 534 1097 verb
548 1034 661 1098 cadere
682 1032 859 1097 debuerunt
873 1043 1013 1117 tempore
1024 1028 1254 1095 oscillationum
1270 1034 1331 1117 15&
1345 1053 1454 1117 qnam·

160 1140 314 1223 proxime

203 1250 320 1329 Eaper.
339 1255 390 1311 11.
415 1244 514 1313 Gdobi
526 1235 591 1313 tres
605 1247 752 1335 aequales,
767 1245 908 1333 pondere
923 1268 1093 1332 granorum
1108 1257 1149 1313 48
1165 1248 1197 1311 in
1212 1251 1285 1313 a'e're
1299 1259 1330 1312 et
1345 1247 1405 1327 833
1420 1248 1453 1311 in

160 1353 242 1438 aqua
257 1374 341 1438 saepe
356 1354 491 1433 demissi,
515 1355 695 1419 ceciderunt
708 1354 902 1439 temporibus
917 1353 1144 1418 oscillationum
1159 1361 1234 1438 434,
1250 1365 1303 1433 44,
1319 1361 1393 1437 444,
1410 1334 1452 1421 45

160 1473 193 1524 et
207 1469 259 1536 46,
283 1472 315 1524 et
329 1460 466 1523 maximi
489 1483 530 1525 ex
549 1475 639 1545 parte
661 1470 703 1525 44
718 1473 752 1524 et
765 1468 818 1537 45,
839 1458 1050 1525 describentes
1072 1462 1269 1527 altitudinem
1283 1462 1454 1550 digitorum

164 1572 246 1649 1821
263 1567 511 1653 quamproxime.

206 1675 269 1739 Per
282 1674 435 1739 theoriam
450 1675 561 1739 cadere
575 1674 751 1741 debuerunt
765 1682 906 1759 tempore
921 1676 1151 1741 oscillationum
1167 1684 1229 1765 4δῇ
1244 1668 1377 1741 circiter.

187 1784 319 1872 Bapeu
337 1788 388 1844 12.
412 1780 510 1846 Globi
524 1794 588 1846 tres
603 1784 750 1867 aequales,
765 1781 905 1866 pondere
913 1784 1085 1868 granorum
1106 1791 1165 1845 141
1184 1784 1217 1849 in
1232 1786 1303 1845 aere
1318 1782 1404 1859 4141
1420 1782 1453 1845 in

162 1886 253 1973 aqud,
269 1887 431 1973 aliquoties
446 1887 580 1964 demissi,
604 1888 785 1953 ceciderrmt
799 1887 993 1971 temporibus
1015 1888 1243 1952 oscillationum
1259 1896 1311 1964 61,
1329 1896 1381 1965 62,
1399 1897 1451 1967 63,

163 2005 203 2061 64
217 2008 249 2059 et
264 2005 316 2072 65,
332 1996 543 2059 describentes
557 1995 752 2060 altitudinem
767 1996 938 2083 digitorum
956 2004 1028 2060 182.

206 2100 327 2185 Et-per
348 2102 502 2166 theoriam
523 2102 635 2167 cadere
656 2102 833 2167 debuerunt
854 2112 997 2188 ternpore
1022 2099 1249 2167 oscillationum
1264 2103 1369 2187 6qu
1441 2136 1454 2153 ·
1563 2166 1568 2175 ,

161 2230 314 2291 proxime.

179 2377 183 2390 ,
205 2314 268 2379 Per
281 2314 351 2377 haec
365 2314 579 2398 experimenta
597 2313 794 2379 manifestum
808 2326 856 2379 est
872 2314 967 2401 quod,
990 2314 1045 2377 ubi
1058 2312 1146 2400 globi
1159 2312 1248 2377 tarde
1263 2314 1452 2393 ceciderunt,

163 2433 198 2484 ut
211 2421 245 2485 in
260 2421 480 2505 experimentis
495 2420 650 2499 secundis,
665 2423 793 2507 quartis,
809 2422 935 2508 quintis,
951 2420 1077 2497 octavis,
1094 2419 1266 2483 undecimis
1279 2441 1316 2483 ac
1331 2420 1454 2485 duode-

164 2530 260 2606 cimis,
276 2541 419 2613 tempora
430 2529 563 2593 cadendi
577 2529 661 2594 rectis
675 2530 863 2595 exhibentur
876 2553 933 2615 per
947 2530 1111 2605 theoriam,
1135 2539 1167 2592 at
1180 2528 1235 2592 nbi
1255 2528 1343 2615 globi
1364 2528 1452 2593 velo·

163 2639 229 2703 cius
244 2639 434 2716 cecideruut,
451 2640 534 2703 utin
548 2639 770 2723 experimentis
785 2640 891 2717 sextis,
908 2639 999 2703 nonis
1014 2660 1050 2702 ac
1065 2637 1204 2714 decimis,
1226 2637 1265 2721 (⁸)
1280 2635 1454 2701 resistentia

161 2747 258 2833 paulo
272 2751 371 2834 major
386 2749 490 2814 extitit
504 2771 598 2834 quarn
612 2750 646 2812 in
661 2749 817 2834 duplicati
832 2751 953 2816 ratione
968 2749 1149 2815 velocitatis,
1194 2747 1278 2812 Nam
1299 2747 1386 2836 globi
1405 2746 1454 2810 in-

167 2870 215 2920 ter
229 2856 406 2920 cadendum
419 2857 563 2922 oscillent
576 2859 818 2944 aliquantidum:
834 2873 867 2924 et
881 2859 950 2924 haec
964 2859 1113 2926 oscillatio
1124 2859 1157 2921 in
1167 2858 1271 2945 globis
1285 2857 1454 2922 levioribus

162 2976 194 3027 et
208 2963 328 3028 tardius
349 2964 543 3043 cadentibus,
569 2962 611 3029 ob
632 2964 736 3030 motirs
757 2965 942 3054 languorem
965 2966 1028 3032 cito
1053 2978 1169 3041 cessat;
1198 2966 1232 3028 in
1255 2965 1453 3051 gravioribus

163 3085 267 3138 autem
281 3085 313 3137 et
326 3074 506 3158 majoribus,
522 3074 565 3138 ob
578 3074 681 3139 motus
696 3074 910 3140 fortitudinem
925 3075 1041 3139 diutius
1056 3075 1158 3150 durat,
1175 3084 1206 3138 et
1220 3095 1284 3136 non
1300 3073 1362 3136 uisi
1378 3083 1452 3157 post

163 3182 269 3266 plures
283 3182 492 3245 oscillationes
506 3184 547 3277 ab
562 3183 642 3269 aqud
664 3184 820 3248 ambiente
841 3183 980 3249 cohiberi
998 3169 1112 3269 potest
1158 3182 1340 3257 Quinetiam
1353 3182 1452 3268 globi,

165 3313 227 3376 quo
240 3291 412 3377 velociores
426 3295 511 3369 sunt,
535 3315 574 3357 eo
588 3294 692 3357 minus
705 3307 891 3376 premuntur
905 3317 924 3358 a
937 3294 1035 3358 fluido
1049 3293 1090 3357 ad
1104 3293 1240 3376 posticas
1251 3313 1323 3356 suas
1333 3303 1453 3376 partes3

166 3410 197 3461 et
212 3399 239 3461 si
253 3399 399 3463 velocitas
412 3414 566 3484 perpetuo
585 3418 746 3489 augeatur,
772 3403 906 3487 spau‘um
927 3425 1059 3468 vacuum
1075 3402 1200 3466 tandem
1215 3424 1234 3464 a
1248 3412 1338 3487 tergo
1356 3401 1454 3464 relin-

166 3524 269 3595 quent,
287 3512 326 3594 (¹²)
341 3512 401 3575 uisi
416 3513 605 3597 compressio
617 3515 707 3579 fluidi
721 3515 813 3579 simul
827 3527 989 3602 augeatur.
1020 3514 1126 3579 Debet
1140 3525 1245 3578 autem
1261 3512 1453 3596 compressio

166 3620 252 3684 fluidi
270 3627 340 3706 (per
356 3623 449 3706 Prop
467 3622 623 3687 XXXII.
639 3635 670 3688 et
695 3625 883 3706 XXXIII.)
910 3626 947 3710 (⁰)
963 3624 1071 3711 angeri
1093 3624 1127 3686 in
1152 3619 1308 3706 duplicati
1334 3621 1454 3718 ratione

167 3727 345 3805 velocitatis,
372 3739 408 3791 nt
429 3728 603 3792 resistentia
617 3729 658 3793 sit
672 3729 705 3792 in
724 3729 835 3795 eidem
857 3729 1014 3815 duplicatis
1036 3729 1166 3793 ratione.
1211 3727 1371 3804 Quoniam
1392 3726 1454 3792 hoc
1539 3801 1544 3805 ,

167 3856 231 3899 non
244 3835 291 3912 fit,
311 3835 398 3922 globi
413 3838 581 3903 velociores
595 3839 691 3923 pauld
705 3840 808 3904 minus
823 3851 1010 3925 premuntur¹
1022 3861 1042 3903 a
1056 3850 1156 3926 tergo,
1179 3848 1211 3901 et
1226 3835 1349 3902 defectu
1362 3858 1451 3921 pres·

202 4072 235 4137 (¹)
249 4077 262 4105 *
276 4076 413 4142 Resisteutia
428 4079 500 4138 paolo
510 4077 585 4140 mapbr
594 4080 666 4128 estitit
681 4097 754 4142 quam
770 4083 797 4130 iu
829 4081 859 4128 ad
878 4080 975 4142 posticas
991 4079 1055 4127 illius
1073 4088 1149 4142 partes
1167 4080 1221 4128 satis
1237 4077 1284 4128 cito
1299 4093 1416 4126 recurrere
1431 4084 1455 4122 et

175 4136 289 4198 dayrlicotri
299 4141 387 4187 ratione
397 4143 525 4189 11416σὶ11111.
561 4141 659 4190 Sienim
670 4145 799 4192 resistentia
829 4145 1015 4220 locumaglobo
1025 4145 1131 4192 relictum
1140 4143 1216 4190 statim
1224 4159 1337 4206 occupem
1348 4147 1453 4202 nequeat,

174 4200 278 4249 accurate
298 4212 358 4249 esset
379 4203 404 4249 ia
425 4203 543 4265 duplicata
559 4206 686 4254 uelocitatis
700 4209 797 4264 ratione,
830 4209 875 4256 nisi
886 4208 952 4256 fluidi
962 4208 1101 4268 compressio
1116 4217 1238 4272 augeatur,
1258 4218 1285 4255 ut
1300 4222 1341 4267 per
1356 4204 1455 4252 fluidum

171 4273 274 4326 tempora
283 4266 382 4314 cadendi
393 4276 440 4315 tam
450 4283 493 4328 per
502 4271 661 4328 experimenta
672 4287 743 4333 quam
755 4287 796 4333 per
827 4274 914 4334 pressio
925 4283 948 4319 et
959 4282 1037 4320 motus
1046 4271 1144 4320 celerius
1154 4282 1318 4333 propagentur.

172 4329 282 4376 theoriam
296 4330 400 4389 delinita,
416 4343 576 4394 aequarentur3
594 4343 618 4381 at
634 4335 654 4381 si
669 4335 797 4383 resistentia
863 4335 897 4400 (⁰)
910 4340 923 4367 ⁶
936 4337 1027 4398 Augen‘
1041 4339 1067 4385 iu
1083 4335 1201 4398 duplicat&
1219 4340 1308 4382 ratione
1326 4331 1454 4384 vebcitotir,

172 4393 244 4454 major
253 4408 326 4455 quam
335 4396 361 4440 in
371 4395 488 4458 duplicata
498 4399 587 4444 ratione
595 4399 727 4456 uelocitatis,
738 4409 797 4448 tem-
829 4399 871 4446 &a
907 4401 971 4448 Nam
989 4409 1065 4461 partes
1081 4399 1148 4447 fluidi
1164 4415 1206 4461 per
1220 4396 1414 4456 compressionem
1429 4393 1455 4440 in

172 4455 417 4584 11111111ῗὲἲὲ
426 4460 800 4588 ἑῗὲίἓῗῗέἒὶζῗζῑὲἱῗὲῖᾍῖῒὲ
831 4457 1457 4588 11611111661111111,1111111

172 4581 198 4628 in
208 4585 305 4642 theorid,
321 4601 375 4648 quar
384 4588 499 4635 mmor·
515 4589 666 4636 mutandam
682 4591 798 4651 supponit.
833 4591 952 4650 duplicatis
972 4592 1062 4640 ratione
1083 4589 1215 4645 velocitatis,
1239 4585 1367 4634 resistentia
1382 4585 1457 4632 estin

206 4646 239 4710 (⁶)
254 4653 267 4679 ⁹
281 4653 337 4698 Neri
352 4655 489 4712 compressio
500 4655 576 4717 fluidi
592 4657 663 4702 mucul
677 4665 799 4714 augeatur.
832 4655 914 4701 eadem
935 4655 1024 4704 ratione
1045 4652 1169 4718 duplicata,
1193 4667 1235 4714 per
1257 4651 1310 4699 Cor.
1336 4655 1359 4696 2.
1383 4649 1455 4710 Prop.

174 4710 654 4778 TantaenImessepotestglobivelocitas,
665 4717 800 4767 uttluidum
835 4719 972 4768 XXXIII.
