3434 5500
224 379 275 436 '56
541 377 544 386 ¹
566 363 905 432 PHIIDSOPHIAE
929 358 1201 428 NATURALIS
1241 353 1353 436 [Mor.
1369 353 1514 422 cosma

207 579 210 586 ·
234 544 295 630 qui
321 564 434 628 corpus
453 542 564 608 eodem
584 553 726 628 tempore
739 541 772 606 in
787 539 887 624 spatio
900 560 966 601 non
979 536 1140 622 resistente
1153 553 1279 597 omnem
1298 551 1389 594 nrum
1407 549 1516 592 ascen-

234 650 331 716 dendi
343 661 466 752 motum
479 651 621 715 amittere
635 661 750 734 posset,
766 659 801 712 ut
814 647 1004 733 triangulum
1019 645 1050 708 A
1064 666 1087 727 p
1101 642 1135 706 D
1158 641 1199 704 ad
1213 650 1366 703 sectorem
1387 634 1517 700 cireen

235 759 444 835 remAtD3
464 754 1013 842 siveutrectsApadarcumAt
1068 830 1108 845 'A

281 2829 379 2891 Cerci.
395 2834 426 2893 5.
461 2826 517 2891 Est
539 2823 635 2911 igitur
649 2833 780 2905 ternpus,
805 2840 869 2904 qno
894 2839 1007 2901 corpus
1028 2816 1062 2881 in
1083 2817 1187 2881 medio
1206 2816 1365 2881 resistente
1379 2817 1522 2881 cadendo

137 3006 138 3009 Ἴ
235 2934 430 2999 velocitatem
445 2935 476 2997 A
493 2934 529 3011 P,
551 2930 692 3018 acquirit,
719 2928 758 2993 ad
775 2940 907 3011 tempus,
924 2949 987 3011 quo
1000 2926 1194 2990 velocitatem
1207 2927 1376 2991 maximam
1390 2928 1421 2991 A
1437 2928 1465 2991 C
1487 2928 1521 2991 in

236 3042 335 3124 spatio
360 3064 424 3105 non
449 3043 609 3105 resistente
634 3037 775 3102 cedendo
801 3037 961 3123 acquirere
981 3049 1096 3119 posset,
1125 3035 1159 3122 (⁶)
1175 3048 1211 3100 ut
1224 3049 1324 3101 sector
1339 3038 1369 3101 A
1384 3038 1418 3101 D
1434 3038 1465 3110 T
1480 3035 1522 3100 ad

234 3146 425 3235 triangulum
440 3126 519 3213 AD
536 3148 581 3211 C:
605 3158 637 3211 et
650 3158 783 3229 tempus,
806 3167 870 3229 quo
884 3143 1080 3207 velocitatem
1102 3147 1133 3207 A
1146 3166 1170 3229 p
1184 3146 1218 3208 in
1231 3146 1336 3209 medio
1357 3146 1521 3209 resistente

235 3254 432 3319 ascendendo
446 3254 543 3338 possit
564 3253 714 3333 amittere,
741 3251 783 3315 ad
804 3261 927 3333 tempus
941 3272 1005 3335 quo
1019 3250 1213 3314 velocitatem
1228 3252 1358 3315 eandem
1372 3250 1405 3313 in
1420 3252 1531 3335 spatic-

233 3380 298 3422 non
309 3361 469 3424 resistente
478 3358 674 3423 ascendendo
682 3368 787 3443 posset
796 3358 946 3435 amittere,
960 3356 995 3440 (²)
1005 3370 1040 3421 ut
1051 3378 1141 3421 arcus
1152 3357 1183 3421 A
1193 3358 1255 3421 tad
1264 3360 1331 3442 ejus
1341 3369 1521 3444 tangentem

235 3470 311 3552 Ap.

268 3661 861 3727 (¹)*nrseerorADrautrtatgu1umADa
892 3674 941 3721 que
956 3657 1011 3706 eim
1028 3658 1058 3705 sit
1077 3659 1099 3705 A
1118 3659 1157 3706 P:
1173 3660 1195 3706 A
1210 3655 1278 3708 Y='.·
1292 3661 1314 3707 A
1329 3658 1406 3708 PDr
1423 3660 1519 3709 ATD

238 3726 302 3773 Cum
317 3726 380 3771 enirn
402 3726 425 3773 A
439 3724 461 3771 P
479 3734 581 3784 exponat
599 3724 745 3779 velocitatem
760 3732 864 3783 tempore
894 3733 919 3771 et
931 3723 956 3770 A
968 3724 1008 3769 Y:
1024 3724 1047 3769 A
1060 3723 1158 3770 c=A
1172 3725 1194 3771 T
1206 3726 1231 3772 D
1243 3743 1249 3772 ε
1262 3724 1293 3771 ad
1303 3726 1363 3770 hanc
1373 3740 1458 3781 arcem,
1475 3726 1532 3771 erit⁴

238 3790 261 3835 A
274 3789 296 3835 T
309 3789 334 3836 D
344 3789 370 3835 in
378 3788 456 3835 medio
466 3789 585 3836 resistente
596 3787 739 3850 acquisitam,
754 3796 862 3835 sumatur
892 3802 921 3833 ex
932 3802 999 3849 aequo
1012 3787 1036 3834 A
1049 3785 1070 3832 P
1081 3805 1087 3833 e
1104 3788 1156 3834 AC
1167 3807 1202 3834 =
1213 3789 1267 3837 ΑΡ
1277 3790 1309 3844 D,
1321 3788 1350 3835 ed
1362 3790 1422 3835 hanc
1431 3803 1517 3841 aream,

238 3852 294 3899 AY
304 3852 356 3899 talis
366 3864 393 3898 ut
403 3862 503 3911 exponat
514 3851 656 3899 velocitatem
664 3857 768 3911 tempore
778 3849 861 3899 eodem
892 3850 933 3898 sed
951 3849 1044 3910 sumpti
1062 3853 1181 3898 communi
1199 3851 1322 3899 altitudine
1341 3853 1365 3897 D
1379 3850 1405 3897 H
1417 3861 1451 3897 est
1465 3853 1487 3897 A
1498 3850 1521 3898 P

236 3914 261 3961 in
277 3914 355 3963 medio
371 3931 419 3961 non
430 3915 549 3961 resistente
559 3914 702 3975 productam,
722 3924 746 3961 et
761 3914 805 3961 erit
819 3928 861 3974 per
891 3914 922 3963 ad
943 3916 966 3963 A
980 3916 1000 3963 C
1015 3933 1050 3959 =
1066 3915 1103 3961 tri.
1124 3917 1147 3961 A
1161 3916 1267 3963 PDsd
1281 3916 1318 3961 tri.
1339 3917 1362 3961 A
1375 3916 1400 3962 D
1414 3916 1442 3971 C,
1462 3930 1520 3977 ergo

238 3978 314 4025 Corol.
330 3985 351 4025 2.
374 3981 395 4026 A
410 3979 471 4025 Pad
485 3980 509 4024 A
521 3980 544 4027 Y
556 3987 583 4026 ut
595 3979 619 4026 A
632 3979 653 4025 P
667 3979 699 4031 D,
713 3978 743 4025 ad
757 3978 779 4025 A
793 3978 815 4025 T
828 3978 862 4033 Ι),
894 3993 947 4025 παι
957 3994 1010 4040 que
1020 3988 1120 4036 exponet
1129 3988 1222 4039 tempus
1236 3995 1284 4041 quo
1299 3979 1401 4025 maxima
1412 3979 1521 4026 velocitas

235 4056 336 4102 cumque
353 4042 422 4090 etiarn
443 4045 465 4088 A
479 4043 499 4091 C
515 4051 615 4102 exponat
629 4041 773 4089 velocitatem
788 4042 863 4089 meri·
894 4042 920 4087 in
941 4043 1018 4089 medio
1039 4050 1097 4087 non>
1108 4044 1228 4090 resistente
1251 4042 1383 4104 acquiritur,
1411 4052 1447 4090 est
1466 4058 1521 4089 area

234 4120 305 4159 mam,
317 4104 361 4152 erit
374 4106 396 4151 A
410 4107 433 4153 Y
444 4104 474 4153 ad
486 4106 510 4151 A
524 4106 543 4153 C
555 4114 583 4153 nt
593 4115 685 4167 ternpus
695 4120 741 4167 quo
751 4105 815 4166 prior
825 4122 863 4153 ce-
897 4107 921 4153 A
933 4108 959 4153 D
972 4107 1000 4153 C.
1036 4106 1107 4153 Unde
1117 4107 1223 4168 sequitur
1232 4105 1295 4168 qued
1306 4121 1391 4167 eorpus
1400 4106 1426 4153 in
1441 4107 1520 4153 medio

235 4169 313 4217 ieritas
327 4170 349 4215 A
364 4169 386 4215 Y
402 4168 427 4215 in
438 4168 516 4215 medio
527 4184 575 4217 non
586 4170 705 4217 resistente
716 4168 803 4231 acquiri
821 4186 863 4229 po-
893 4170 1020 4227 resistente,
1036 4170 1179 4217 velocitatem
1195 4171 1320 4217 maximam
1335 4171 1357 4216 A
1371 4170 1521 4231 Cscquirere

234 4241 285 4288 test,
305 4231 335 4278 sd
352 4242 444 4291 tempus
460 4247 508 4293 quo
523 4233 633 4281 velocitas
648 4232 751 4279 maxima
763 4234 786 4281 A
801 4233 821 4280 C
837 4234 864 4279 in
894 4233 1055 4281 cadendonon
1065 4244 1141 4293 potest
1150 4234 1195 4280 sisi
1205 4244 1310 4293 tempore
1319 4234 1419 4282 infinite.
1456 4232 1521 4281 cnm

234 4296 312 4343 medio
323 4294 393 4343 etiam
404 4311 452 4341 non
460 4295 579 4353 resistente
589 4297 751 4358 acquireretur,
769 4306 792 4343 rt
807 4296 864 4343 cium
892 4297 957 4343 enim
968 4298 996 4345 iit
1008 4300 1031 4344 A
1045 4297 1112 4344 P=
1125 4299 1148 4344 A
1163 4299 1191 4354 C,
1203 4297 1313 4344 coincidit
1330 4298 1355 4344 D
1368 4298 1390 4344 Τ
1405 4312 1461 4344 cum
1476 4299 1520 4358 hy-

234 4368 327 4419 tempus
337 4374 384 4421 quo
395 4358 500 4407 celeritas
513 4360 536 4406 A
547 4360 569 4407 Y
580 4362 713 4421 acquiritur,
722 4361 864 4419 exprimatur
894 4362 994 4420 perbciae
1006 4362 1030 4408 A
1039 4363 1061 4410 Τ
1071 4362 1227 4425 Vasyrnptoto
1240 4362 1265 4408 D
1274 4362 1303 4418 C,
1314 4370 1338 4408 et
1345 4371 1418 4409 secter
1430 4363 1453 4407 A
1463 4362 1488 4409 D
1498 4362 1522 4409 T

234 4437 275 4480 per
286 4439 362 4471 aream
376 4423 430 4470 AT
443 4424 476 4479 D,
494 4422 537 4469 erit
549 4424 573 4470 A
587 4424 610 4469 Y
620 4423 649 4469 ad
663 4426 686 4470 A
700 4424 759 4473 Cut
772 4427 793 4471 A
805 4424 827 4470 T
838 4424 863 4471 D
894 4424 1045 4471 iitinflnitus·
1434 4465 1437 4469 .

234 4486 263 4531 ad
282 4502 358 4535 aream
378 4502 431 4550 quae
449 4494 551 4546 exponet
573 4495 668 4545 tempus
688 4502 736 4548 quo
757 4488 866 4537 velocius
930 4488 963 4551 (t)
983 4493 997 4520 i
1020 4494 1052 4538 Ut
1066 4506 1135 4538 arcus
1147 4490 1171 4537 A
1180 4499 1197 4546 t,
1213 4493 1245 4537 at
1255 4490 1304 4550 ejus
1314 4499 1445 4550 tangentem
1462 4491 1487 4535 A
1494 4507 1518 4549 p.
1573 4490 1575 4494 '

233 4550 335 4595 murima
345 4550 371 4596 in
382 4550 459 4598 medio
471 4564 517 4596 non
535 4550 656 4598 resistente
672 4551 805 4612 aequiritur,
822 4552 867 4599 ita·
900 4552 1020 4614 Siquidem
1037 4555 1090 4618 (per
1103 4555 1156 4602 Cor.
1168 4553 1205 4615 4.)
1223 4552 1331 4601 velocitas
1343 4557 1392 4613 Ap
1408 4554 1433 4599 in
1444 4554 1522 4599 medio
