3434 5500
177 379 179 382 ·
281 371 345 427 258
607 362 948 433 PHILOSOPHIAE
973 364 1245 431 NATURALIS
1302 363 1582 444 [MouConron.

280 533 473 620 singularum
490 547 594 619 partes
615 534 784 613 altissimae,
808 534 1086 609 vallibustotidem
1100 534 1292 613 intermediis
1307 534 1348 597 ab
1361 535 1496 600 invicem
1512 541 1576 601 dis·

279 643 394 708 tinctae.
440 644 542 730 Igitur
564 645 711 730 quomam
733 668 814 730 aqua
833 646 867 707 in
886 644 1043 708 undarum
1056 645 1142 731 jugis
1157 643 1249 707 altior
1264 657 1312 707 est
1326 668 1421 730 quam
1435 646 1469 707 in
1483 647 1577 709 fluidi

278 751 419 835 partibus
435 752 570 815 immotis
587 752 617 815 L
633 752 676 829 K,
694 753 727 815 N
743 752 784 828 0,
807 752 925 815 defluet
939 742 1048 815 eadem
1063 751 1102 814 de
1113 752 1264 837 jugorum
1280 752 1419 815 terminis
1435 776 1462 829 e,
1475 777 1506 839 g,
1520 753 1574 830 i,l,

278 861 336 923 &a
352 859 383 936 d,
399 860 420 935 f,
439 859 470 937 h,
486 860 518 935 k,
535 861 592 923 &a
609 860 773 923 hincinde
793 882 901 923 versus
924 859 955 922 K
971 858 1048 923 Let
1064 858 1096 920 N
1113 858 1162 920 O:
1190 869 1222 921 et
1244 858 1392 942 quoniam
1412 859 1452 942 (ὓ)
1467 860 1501 930 in
1517 881 1575 922 un·

277 964 389 1028 darum
404 966 535 1029 vallibus
550 957 728 1051 depressior
743 980 790 1033 est
804 989 899 1051 quam
912 966 946 1028 in
960 965 1048 1028 fluidi
1063 964 1204 1049 partibus
1220 966 1356 1029 immotis
1376 966 1408 1030 K
1419 966 1459 1044 L,
1479 968 1512 1030 N
1523 967 1569 1043 O;
1589 1052 1590 1057 η

276 1074 392 1139 defluet
421 1075 531 1139 eadem
554 1076 594 1140 de
616 1059 758 1161 partibus
782 1075 843 1138 illis
871 1076 1007 1137 immotis
1031 1075 1064 1137 in
1093 1073 1249 1136 undarum
1278 1074 1383 1137 valles.
1427 1074 1572 1139 Deiluxu

272 1184 379 1267 priore
394 1184 549 1248 undarum
560 1186 648 1272 juga,
669 1170 843 1269 posteriore
863 1183 958 1247 valles
973 1183 1048 1246 hinc
1063 1182 1136 1244 inde
1159 1182 1329 1246 dilatantur
1344 1193 1376 1245 et
1389 1194 1570 1271 propagan-

273 1304 324 1355 tur
340 1316 447 1357 versus
465 1294 498 1358 K
514 1294 544 1357 L
558 1306 590 1357 et
605 1295 639 1357 N
654 1293 696 1357 Ο.
742 1295 785 1357 Et
799 1294 947 1378 quoniam
962 1305 1065 1356 motus
1088 1293 1243 1357 undarum
1265 1293 1304 1355 ab
1321 1294 1353 1357 A
1367 1316 1473 1357 versus
1490 1295 1518 1359 P
1534 1296 1568 1370 Q

272 1400 309 1462 fit
323 1422 382 1483 per
398 1401 582 1463 continuum
597 1400 758 1463 defluxum
768 1402 919 1486 jugorum
934 1399 967 1461 in
982 1398 1077 1462 valles
1089 1400 1259 1484 proximos,
1283 1400 1417 1485 ideoque
1433 1402 1469 1485 (⁰)
1485 1402 1566 1468 cele-

270 1508 336 1570 rior
350 1530 413 1571 nou
428 1521 476 1573 est
490 1507 584 1594 quim
599 1532 658 1594 pro
678 1510 834 1574 celeritate
852 1509 1020 1573 descensus
1029 1534 1038 1585 3
1060 1521 1091 1572 ct
1111 1509 1278 1573 descensus
1287 1532 1384 1597 'aquae
1399 1510 1563 1577 hincinde

269 1639 377 1680 versus
394 1616 426 1679 K
442 1616 472 1679 L
487 1629 518 1679 et
534 1618 567 1680 N
585 1616 617 1682 O
632 1617 743 1680 eidem
758 1617 922 1680 velocitate
936 1617 1044 1702 peragi
1060 1616 1169 1692 debet3
1184 1618 1410 1704 propagabitur
1424 1618 1564 1685 dilatatio

270 1727 424 1789 undarum
440 1723 602 1788 hincinde
618 1749 726 1790 versus
748 1727 780 1790 K
796 1727 826 1790 L
841 1740 873 1790 et
889 1728 921 1790 N
938 1727 969 1789 O
984 1726 1093 1789 eidem
1114 1728 1277 1792 velocitate
1293 1728 1354 1814 quai
1370 1729 1464 1792 undae
1484 1731 1562 1814 ipsae

268 1835 307 1897 ab
324 1836 472 1898 Aversus
490 1836 518 1898 P
533 1835 566 1911 Q
581 1835 666 1899 rectai
683 1835 938 1922 progrediuntur.
986 1835 1186 1921 Proindeque
1209 1838 1343 1921 spatium
1364 1849 1465 1901 totum
1486 1839 1561 1903 hinc

266 1946 339 2014 inde
356 1970 461 2011 versus
479 1947 511 2010 K
527 1947 557 2010 L
572 1961 603 2011 et
619 1949 650 2011 N
668 1948 700 2011 O
715 1948 754 2010 ab
771 1948 863 2010 undis
878 1945 1014 2010 dilatatis
1029 1969 1046 2007 r
1060 1946 1108 2033 fg
1123 1969 1148 2021 r,
1165 1968 1179 2009 s
1195 1947 1218 2009 h
1233 1948 1244 2008 i
1260 1970 1284 2023 s,
1302 1946 1514 2024 tklt,vmn
1527 1972 1558 2026 v,

265 2059 323 2119 &c
339 2056 551 2141 occupabitur.
586 2039 629 2133 Q.
646 2080 672 2120 e.
688 2056 719 2118 d.
767 2057 851 2119 Haec
866 2056 909 2119 ita
924 2078 956 2119 se
970 2055 1088 2118 habere
1105 2052 1235 2140 quilibet
1251 2058 1283 2120 in
1298 2057 1378 2142 aquai
1395 2070 1559 2145 stagnante

266 2164 406 2246 experiri
421 2175 534 2248 potest.
890 2226 893 2233 ,

265 2351 271 2361 .
309 2273 378 2335 Cas.
395 2280 424 2334 2.
458 2272 616 2335 Ponamus
631 2273 699 2355 jam
720 2271 805 2357 quod
827 2272 892 2348 de,
908 2271 966 2359 fg,
984 2272 1004 2335 h
1020 2272 1040 2349 i,
1056 2272 1113 2349 kl,
1130 2295 1162 2335 m
1177 2295 1199 2334 n
1221 2274 1516 2360 designentpulsus
1538 2300 1558 2339 a

262 2392 380 2463 puncto
397 2381 428 2443 A
442 2402 500 2464 per
514 2379 653 2443 medium
665 2379 829 2443 elasticum
844 2380 1016 2443 successive
1038 2393 1240 2466 propagatos.
1255 2384 1260 2395 ’
1288 2380 1326 2464 (ἀ)
1345 2380 1458 2443 Pulsus
1478 2404 1554 2465 pro-

296 2550 331 2614 (l)
345 2554 357 2581 ⁸
370 2553 403 2599 In
413 2553 534 2600 andanem
545 2553 640 2599 uallibus
655 2552 780 2613 depresw
790 2560 829 2604 est,
846 2551 889 2596 διο.
927 2550 947 2596 F
959 2550 990 2605 G,
1002 2558 1025 2595 et
1035 2562 1090 2595 cum
1102 2548 1184 2595 eidem
1196 2550 1317 2597 velocitate
1334 2550 1380 2611 qud
1397 2566 1438 2611 per
1456 2553 1478 2598 A
1492 2552 1514 2599 F
1529 2552 1556 2599 in

266 2614 337 2677 Aqua
351 2614 414 2660 enim
425 2616 455 2661 ab
465 2614 585 2661 altioribus
601 2614 719 2661 undarum
734 2614 838 2674 partibus
853 2630 893 2660 ca·
924 2613 1071 2660 obstaculum
1087 2614 1192 2669 incurrit,
1210 2624 1234 2660 et
1247 2614 1301 2675 quai,
1319 2614 1410 2661 sublato
1425 2616 1554 2675 obstaculo,

263 2677 341 2725 dendo
351 2678 491 2724 celeritatem
502 2678 607 2739 acquirit,
624 2677 743 2741 quiinfri
753 2677 893 2741 quiescentis
923 2686 1015 2724 motum
1031 2691 1072 2736 per
1092 2676 1147 2738 Fg,
1164 2692 1205 2723 seu
1216 2692 1258 2737 per
1270 2680 1292 2725 A
1309 2678 1329 2724 F
1345 2679 1480 2739 productam
1496 2696 1555 2727 con-

262 2741 486 2805 squaesuperliciem
497 2742 624 2790 descendit.
699 2770 702 2774 -
923 2741 1043 2796 tinuasset,
1069 2751 1150 2802 estque
1169 2742 1271 2804 angulus
1292 2741 1422 2790 reflexionis
1445 2744 1468 2791 G
1490 2744 1511 2792 F
1532 2745 1554 2793 G

295 2805 329 2870 (⁰)
343 2809 356 2836 ⁴
371 2809 469 2854 Celerius·
478 2816 569 2854 nonest
585 2806 656 2869 qudm
667 2824 712 2868 pro
723 2810 836 2855 celeritate
851 2810 892 2854 de-
923 2805 1018 2867 oequalis
1028 2806 1116 2866 angulo
1127 2804 1260 2854 incidentia
1273 2807 1295 2852 A
1307 2807 1327 2853 F
1338 2807 1370 2854 E.
1406 2807 1556 2856 Ptoducatur

261 2869 353 2918 arensis
363 2867 608 2918 abeisdemundarum
616 2871 747 2927 altimdine,
759 2869 891 2933 undisqua
919 2870 969 2931 jam
980 2869 1042 2916 linea
1054 2869 1077 2916 G
1091 2869 1149 2916 Fut
1159 2869 1324 2930 perpendiculo
1344 2871 1366 2916 A
1379 2871 1402 2917 E
1417 2872 1488 2918 edam
1499 2887 1554 2932 pro-

260 2933 286 2980 ia
297 2934 376 2996 plagas
389 2934 411 2980 P
423 2935 456 2990 Q,
470 2934 497 2980 K
508 2935 538 2991 L,
551 2935 577 2981 N
590 2936 613 2982 0
624 2934 691 2998 aque
702 2935 792 2982 defluit.
923 2934 993 2981 ducto
1004 2942 1110 2980 occurrat
1125 2933 1151 2979 in
1169 2933 1195 2980 Η
1203 2952 1211 2992 3
1228 2943 1252 2981 et
1261 2934 1317 2995 quia
1332 2935 1434 2997 angulus
1452 2935 1475 2981 E
1489 2936 1510 2983 F
1523 2937 1552 2984 Η

293 3004 349 3046 293.
375 2998 414 3044 Ex
425 2998 588 3045 demonstratis
600 2999 626 3044 in
642 3000 687 3046 hoc
702 3005 765 3053 casu,
781 3014 832 3045 mo-
1213 3037 1216 3044 „

261 3071 300 3108 tus
311 3062 381 3108 unda
391 3063 416 3108 in
426 3062 574 3120 obstaculum
585 3063 682 3124 planum
694 3063 833 3110 incurrentis

260 3125 352 3172 deliniri
363 3136 443 3186 potest.
480 3126 608 3174 Undarum
624 3127 789 3174 motuseloco
807 3129 831 3173 A

259 3189 325 3251 quasi
339 3200 418 3237 centro
428 3201 576 3253 propagetur.
612 3191 721 3239 Incurrat
731 3191 796 3238 unda
806 3191 831 3236 in

259 3254 372 3300 obstaculi
382 3255 473 3301 immoti
487 3256 509 3302 B
523 3256 668 3314 Cpunctum
683 3255 710 3310 F,
721 3270 778 3302 cum
791 3270 831 3300 ve·

259 3316 352 3364 locitste
363 3328 386 3364 et
396 3317 523 3365 directione
535 3320 559 3366 A
573 3319 600 3366 F.
637 3317 718 3366 Ducti
728 3335 757 3365 ex
771 3321 793 3364 A
805 3319 831 3364 in
908 3335 915 3358 ο

183 3384 188 3397 ¹
261 3381 283 3427 B
296 3383 316 3428 C
327 3381 513 3442 perpendiculari
527 3383 550 3429 A
563 3383 595 3439 E,
606 3383 769 3444 completoque
779 3397 829 3428 rec-

258 3446 357 3507 tangulo
370 3448 392 3491 A
406 3447 428 3492 E
442 3447 463 3492 F
475 3446 508 3501 K,
526 3447 654 3493 resolvatur
669 3457 748 3494 motus
764 3449 786 3492 A
802 3447 829 3502 F,

258 3507 283 3553 in
294 3511 354 3557 duos
368 3509 425 3556 alios
440 3520 518 3556 motus
535 3515 558 3557 A
572 3511 602 3564 E,
622 3512 645 3555 A
659 3510 692 3566 K,
711 3527 751 3557 seu
768 3509 830 3557 facti
851 3532 890 3590 A

260 3571 281 3617 F
293 3574 409 3636 Caequali
422 3576 445 3619 A
459 3573 492 3630 K,
510 3575 534 3619 in
546 3584 624 3620 motus
636 3574 662 3620 K
675 3575 703 3631 F,
721 3574 741 3621 F
755 3575 774 3621 C
781 3593 789 3632 ς
806 3584 830 3621 ct

258 3637 314 3696 quia
329 3637 450 3696 particillas
465 3653 532 3699 aquae
542 3648 610 3684 motu
622 3638 643 3685 F
657 3639 676 3685 C
687 3639 712 3684 in
723 3640 830 3685 obuncu-

258 3699 310 3746 lum
322 3714 370 3747 non
380 3711 463 3763 agunt,
479 3712 532 3761 post
541 3702 670 3762 impactum
682 3712 780 3765 pergent
789 3702 828 3748 esi·

257 3763 311 3808 dem
322 3765 369 3825 quai
382 3764 435 3811 ante
446 3766 574 3825 impactum
585 3767 706 3813 velocitate
713 3762 745 3812 bc
755 3767 829 3813 direc-

257 3829 320 3874 tione
334 3829 354 3875 F
367 3828 387 3875 C
398 3829 493 3874 moveri.
530 3831 565 3877 At
580 3839 647 3877 motu
666 3830 692 3876 K
706 3830 733 3886 F,
751 3831 776 3876 in
787 3833 827 3876 ob-
861 3823 889 3878 G

257 3891 374 3939 stacnlum
390 3891 476 3939 directa
491 3893 637 3940 incurrentes
652 3903 745 3941 motum
760 3894 828 3940 illum

256 3971 358 4012 omnem,
375 3955 446 4018 juxti
463 3956 528 4018 leges
546 3957 668 4004 conflictus
688 3973 812 4018 corporum
833 3972 882 4004 non
914 3958 978 4004 :C
991 3956 1012 4003 F
1023 3955 1090 4003 G:
1100 3955 1123 4002 E
1137 3955 1158 4002 F
1170 3956 1202 4011 A,
1214 3953 1258 4001 erit
1270 3955 1292 4002 E
1307 3955 1376 4001 H=
1387 3953 1410 3999 A
1420 3952 1442 4000 E
1453 3960 1478 3998 et
1487 3951 1549 3998 FH

256 4020 411 4075 clastioorum,
429 4021 542 4068 amittent.
580 4021 642 4068 cnm
657 4033 737 4068 sutem
747 4037 814 4084 ,aqua
824 4021 849 4067 in
863 4021 883 4068 F
914 4039 949 4064 =
963 4020 1064 4067 AF:
1079 4019 1099 4066 F
1118 4020 1148 4073 G,
1170 4029 1194 4064 et
1211 4017 1265 4066 ideo
1283 4035 1344 4080 aqua
1361 4017 1446 4064 reflexa
1460 4016 1550 4062 eodem

254 4085 284 4129 ab
295 4083 340 4129 alii
351 4083 487 4147 insequenoe
498 4094 616 4147 urgeatur,
634 4096 658 4132 et
668 4087 813 4132 obstaculum
831 4089 884 4148 (per
916 4083 986 4131 modo
1004 4084 1134 4130 movebitur
1150 4098 1192 4142 per
1210 4082 1230 4128 F
1244 4083 1275 4139 G,
1293 4098 1321 4128 ac
1331 4083 1352 4128 si
1362 4079 1391 4128 ex
1402 4088 1489 4141 puncto
1506 4079 1547 4137 H,

255 4148 338 4208 Hyp.)
355 4148 436 4194 cedere
452 4155 559 4212 nequeat,
577 4150 704 4197 elevabitur
719 4150 760 4196 illa
770 4151 795 4195 in
808 4149 842 4207 F3
861 4159 885 4196 et
915 4148 981 4210 quasi
996 4163 1024 4194 ex
1041 4158 1120 4194 centro
1136 4145 1253 4192 undarum
1269 4156 1348 4193 motus
1361 4152 1548 4206 propagaretur3

253 4211 339 4259 deinde
350 4211 371 4257 ri
380 4213 492 4272 ponderis
506 4215 550 4266 sui,
568 4213 593 4259 id
604 4224 646 4269 est,
664 4215 686 4260 ri
697 4214 779 4276 aquali
791 4213 826 4260 illi
836 4211 885 4275 qui
916 4211 1029 4273 cumque*
1038 4211 1205 4257 demonstratio
1226 4210 1276 4256 haec
1297 4209 1406 4256 omnibus
1430 4207 1549 4254 obstaculi

252 4291 294 4334 por
302 4276 415 4322 obstaculi
423 4277 595 4337 longitudinem
603 4277 884 4333 elevatafuitdescendet
916 4276 980 4336 plani
1002 4276 1024 4322 B
1044 4276 1063 4322 C
1085 4275 1177 4335 punctis
1199 4283 1320 4336 congruat,
1343 4272 1492 4319 manifestum
1507 4280 1549 4318 cst

251 4341 276 4385 in
287 4341 381 4402 plagam
395 4340 415 4387 F
428 4339 461 4393 K,
473 4339 603 4403 eidemque
614 4341 710 4402 proinde
721 4342 840 4388 velocitate
850 4356 878 4388 ac
910 4340 986 4387 undas
1003 4338 1098 4385 reflexas
1113 4337 1211 4385 eandem
1229 4337 1375 4384 velocitatem
1395 4335 1548 4396 eandemque

251 4403 377 4452 directione
388 4407 417 4451 ab
427 4404 547 4452 obstaculo
563 4405 710 4466 recedetqrni
720 4405 751 4451 ad
765 4405 824 4451 illud
840 4419 879 4452 ac-
912 4403 1013 4466 liguram
1025 4400 1083 4449 citrd
1094 4403 1240 4449 obstaculum
1252 4402 1363 4455 obtinere,
1376 4416 1440 4462 quas,
1450 4397 1549 4446 sublato

250 4478 355 4514 cesserat.
392 4469 431 4515 Ex
441 4471 486 4516 hoc
497 4480 563 4515 motu
577 4469 641 4521 FK,
653 4479 715 4515 etex
727 4469 774 4515 alio
787 4469 808 4516 F
821 4469 841 4516 C
852 4469 879 4514 in
912 4468 1037 4523 obstaculo,
1050 4465 1113 4513 ultra
1123 4467 1209 4512 lineam
1225 4466 1245 4512 B
1259 4465 1430 4514 Chabuissent.

249 4532 311 4594 aqui
322 4534 415 4580 residuo
426 4544 579 4594 componetur
595 4543 674 4579 motus
692 4533 712 4578 F
725 4533 755 4587 G,
772 4548 813 4592 per
829 4533 879 4578 dia-
945 4530 978 4595 (⁶)
992 4535 1004 4562 *
1018 4537 1072 4579 294.
1087 4533 1179 4578 ¹Pulsus
1187 4532 1311 4590 propagari
1324 4533 1416 4590 compe
1430 4543 1473 4589 per
1489 4543 1548 4574 sac-

249 4597 358 4656 gonslem
374 4597 586 4660 parallelogrammi
598 4597 623 4642 K
637 4597 690 4644 FC
706 4597 745 4652 G;
761 4596 881 4658 undaigi·
913 4600 1007 4644 cassinas
1019 4596 1206 4644 condensatianes
1217 4602 1238 4640 et
1248 4595 1410 4657 rarrffcctiones
1420 4593 1497 4648 aredii,
1510 4589 1550 4638 iti

248 4668 287 4704 tur
297 4677 311 4707 s
322 4671 409 4721 puncto
420 4661 577 4710 Freflectitur
587 4660 717 4711 secundnm
729 4659 881 4708 directionem
913 4670 941 4708 ut
955 4660 1060 4720 primum
1076 4668 1152 4720 partes
1169 4655 1261 4702 mediie
1268 4665 1357 4715 puncto
1368 4655 1391 4700 A
1399 4665 1550 4715 quaquaver-

857 3678 892 3728 K
