3434 5500
163 416 274 479 Lraan
292 415 462 493 Saeuum]
507 414 749 481 PRINCIPIA
778 416 1149 483 MATHEMATICA.
1185 495 1190 515 .
1388 428 1451 490 287

163 608 283 674 gressu.
329 587 413 649 Nam
428 587 544 651 bneola
557 588 687 673 physica
701 616 711 650 1
726 616 755 670 7,
771 591 1002 674 quamprimum
1017 592 1057 655 ad
1072 591 1176 655 locum
1199 614 1291 655 suum
1314 586 1451 677 primum

162 697 300 773 redierit,
323 699 363 781 (¹¹)
380 698 534 783 quiescet3
556 722 658 784 neque
673 700 820 783 deinceps
841 700 1026 777 movebitur,
1049 702 1109 763 nisi
1123 702 1172 764 vel
1188 702 1228 764 ab
1242 703 1360 785 impetu
1382 724 1451 765 cor·

161 802 247 885 poris
263 803 396 879 tremuli,
413 804 463 865 vel
477 804 518 866 ab
532 804 650 887 impetu
665 805 814 887 pulsuum
828 806 881 889 qui
897 830 916 867 a
930 806 1211 889 corporetremulo
1225 820 1449 893 propagantur,

161 922 248 972 motu
263 931 346 971 novo
368 910 495 972 cientur.
540 910 690 984 Quiescet
710 911 805 998 igitur
827 896 1057 996 quamprimum
1078 913 1186 996 pulsus
1201 937 1220 977 a
1235 936 1366 998 corpore
1388 927 1450 979 tre·

160 1018 246 1080 mulo
260 1019 429 1105 propagari
443 998 597 1083 desinunt.

289 1242 575 1361 PROPOSITIO
599 1290 763 1359 XLVIII.
810 1292 1084 1358 THEOREMA
1106 1292 1311 1359 XXXVIII.

156 1468 301 1529 Palmum
323 1469 357 1528 in
365 1469 472 1552 fluido
486 1470 607 1530 siastico
622 1478 862 1551 propagatorum
877 1469 1046 1530 velocitates
1057 1477 1128 1529 'saut
1149 1470 1182 1529 in
1196 1470 1317 1531 ratione
1330 1490 1446 1551 corapo-

199 1572 259 1635 sitri
273 1594 311 1633 ec
324 1572 532 1654 aodopticata
554 1574 673 1638 ratione
693 1576 739 1636 uis
759 1575 891 1636 clasticce
912 1570 1025 1635 directe*
1046 1583 1075 1634 ct
1096 1572 1304 1653 subdupiicatd
1325 1578 1446 1638 ratione

199 1680 358 1741 densitatis
380 1676 518 1750 inversd,·
540 1681 568 1742 si
582 1680 770 1765 modoflur'di
784 1682 829 1743 uis
843 1681 968 1742 clastica
983 1677 1108 1761 epfusdem
1123 1682 1351 1743 condensationi
1365 1702 1444 1762 pro-

191 1788 384 1868 portionalis
393 1809 453 1849 esse
466 1797 660 1869 srqrrponctur.

199 1959 265 2021 Cas.
284 1968 312 2021 l.
337 1959 371 2023 Si
385 1958 489 2022 media
503 1959 564 2022 siut
578 1958 784 2047 homogeuea,
805 1966 837 2023 e't
857 1958 1004 2043 pulsuum
1026 1958 1181 2023 distantiae
1202 1956 1235 2021 in
1257 1956 1307 2021 his
1329 1958 1443 2023 mediis

153 2075 315 2148 aequentur
330 2063 411 2127 inter
426 2087 469 2141 se,
485 2065 541 2127 sed
555 2079 658 2145 motus
673 2066 706 2127 in
721 2086 785 2128 uno
800 2066 905 2128 medio
920 2065 1071 2128 intensior
1087 2065 1143 2128 sitt
1168 2066 1394 2131 contractiones
1410 2078 1442 2145 et

153 2168 347 2233 dilatationes
361 2171 496 2254 partium
511 2172 712 2259 analogarum
728 2174 768 2256 (⁰)
785 2178 878 2236 erunt
892 2185 927 2236 ut
941 2170 1037 2236 iidem
1051 2184 1164 2236 motus.
1203 2172 1362 2237 Ascurata
1372 2176 1441 2260 qui-

186 2362 221 2425 (¹¹)
240 2366 253 2392 ⁰
276 2365 392 2417 Quiescetr
421 2380 495 2424 nemra
515 2366 619 2425 aarum
642 2365 775 2412 movebitur.
812 2361 846 2409 mi
857 2362 1016 2423 ineaspartas
1026 2362 1139 2425 aliquotas
1151 2361 1224 2409 diuidi
1233 2363 1383 2426 possintque
1394 2364 1441 2411 sint

154 2425 334 2485 cumprimum
345 2426 430 2473 bacola
438 2428 531 2487 physica
539 2446 548 2474 1
557 2427 611 2488 γ111
620 2428 699 2475 locum
705 2443 776 2475 suum
811 2428 873 2473 inter
884 2442 908 2473 se
918 2427 949 2473 ad
960 2426 1093 2481 unisonum,
1110 2434 1151 2473 aut
1167 2426 1231 2487 quod
1247 2427 1308 2472 idem
1326 2437 1367 2483 est,
1384 2444 1443 2489 quas¹

151 2490 252 2549 primum
263 2489 362 2543 redierit,
372 2490 452 2548 'ipsius
463 2491 570 2536 uelocitas
580 2506 650 2551 quam
661 2490 775 2548 ordinata,
811 2490 950 2536 vibrationes
960 2490 1092 2535 isochronas
1103 2498 1221 2551 peragant,
1233 2498 1257 2535 et
1264 2490 1347 2535 borum
1357 2506 1439 2537 nervo-

150 2569 175 2599 m
187 2554 202 2607 i,
221 2568 312 2612 semper
327 2554 423 2613 exponit
439 2554 524 2616 (Prop.
540 2553 704 2601 xxxvnl.
723 2555 778 2603 Lib.
812 2569 865 2599 rum
882 2569 945 2599 unus
960 2553 1065 2613 pulsetur
1080 2567 1210 2614 sonumque
1229 2552 1290 2609 edat,
1310 2554 1373 2599 nerui
1390 2554 1439 2601 duo

154 2617 189 2678 1.)
209 2617 374 2679 extinguetur3
396 2626 421 2663 et
438 2617 542 2679 ejusdem
565 2617 657 2664 lineolae
678 2617 780 2665 denotas
813 2618 897 2663 sesain
914 2626 990 2676 partes
1005 2631 1058 2663 suas
1074 2616 1187 2677 aliquotas
1204 2616 1276 2662 veluti
1292 2616 1394 2663 divident
1411 2628 1439 2665 ut

151 2682 232 2742 visque
249 2681 342 2727 elastica
361 2681 442 2727 eadem
459 2681 503 2728 erit
518 2696 573 2726 cum
589 2680 701 2729 densitate
717 2691 741 2727 et
756 2682 780 2728 vi
813 2679 843 2726 sd
856 2680 982 2727 unisonum
999 2679 1145 2727 reducantur.
1183 2680 1217 2727 Ut
1228 2680 1246 2725 si
1257 2680 1360 2741 ejusdem
1372 2682 1438 2728 nervi

150 2744 244 2792 elssuct
261 2745 332 2804 partis
350 2745 373 2792 Ε
387 2745 410 2792 G
425 2744 497 2791 medii
507 2745 661 2807 quiescentis3
678 2743 779 2807 idebque
812 2744 934 2805 capiantur
950 2756 1025 2804 partas
1036 2742 1089 2791 duae
1100 2759 1199 2806 quarum
1210 2744 1239 2792 sit
1250 2744 1308 2792 ratio
1319 2752 1334 2793 2
1345 2744 1401 2794 adb
1414 2756 1438 2794 at

150 2810 259 2870 quiescet,
278 2811 325 2856 dcc.
357 2808 415 2856 ·1d
434 2809 508 2869 liquet
524 2824 552 2855 ex
563 2825 587 2854 n.
602 2815 639 2855 20.
654 2809 778 2857 additIonis
811 2809 931 2868 equaliter
943 2807 1075 2864 tendantur,
1087 2809 1204 2870 alteraque
1214 2824 1266 2868 pars
1276 2808 1388 2869 pulsetur,
1400 2809 1437 2857 di-

150 2883 236 2918 nostrae
245 2872 276 2918 de
288 2873 395 2918 Motibus
408 2873 433 2917 in
447 2871 648 2918 Fluido'Elastico
660 2874 759 2921 Genitis.
811 2872 903 2918 videtur
913 2872 990 2919 minor
1000 2887 1084 2918 nervus
1094 2873 1119 2917 iu
1128 2881 1204 2930 partes
1214 2873 1279 2928 duas,
1292 2881 1316 2919 et
1326 2875 1401 2935 major
1410 2874 1437 2920 in

183 2941 237 2982 816.
259 2936 298 2982 Ex
310 2936 346 2982 his
355 2935 496 2997 intelligitur
510 2934 630 2996 quomodo
646 2952 687 2996 per
702 2938 777 2984 uibra·
811 2944 943 2994 porcestre
953 2935 1053 2997 equales
1063 2951 1116 2996 qua
1126 2935 1226 3000 singulas
1236 2937 1329 2982 saorsirn
1344 2937 1436 2984 oscilla-

149 2999 224 3046 tiones
234 2999 779 3059 isochronascorporisresouantisproducantur
811 3000 907 3045 buntur.
943 2999 1006 3046 Nam
1024 3000 1113 3045 brevior
1132 3014 1215 3046 nervus
1232 2999 1332 3046 duanam
1352 3015 1436 3061 nempe

150 3063 174 3107 in
186 3063 238 3108 abre
252 3063 335 3123 pulsus
349 3063 435 3125 quibus
446 3062 475 3109 sd
487 3077 568 3108 aurem
584 3063 692 3122 appulsis,
710 3064 737 3110 fit
752 3065 777 3110 in
811 3063 920 3120 partium,
937 3071 972 3109 ter
982 3062 1108 3108 oscillando
1118 3062 1176 3108 dum
1187 3077 1271 3109 nervus
1282 3063 1373 3125 longior
1382 3079 1435 3124 par.

149 3128 217 3173 nobis
226 3127 343 3186 perceptio
354 3126 412 3182 soni,
430 3136 454 3172 et
464 3142 507 3172 cur
516 3126 576 3182 soni,
593 3137 695 3174 cessante
710 3137 777 3174 motu
810 3125 870 3171 tium
882 3125 959 3182 trium,
972 3126 1031 3172 duas
1041 3125 1194 3172 oscillationss
1204 3126 1301 3172 absolvit
1310 3129 1380 3189 (306)
1388 3129 1436 3174 tre.

148 3189 250 3236 tremulo
261 3190 362 3250 corporis
373 3190 457 3246 sonori,
469 3189 546 3236 statim
558 3200 655 3237 cessent.
690 3191 777 3253 Liquet
809 3189 941 3249 quentiores
951 3190 975 3235 in
987 3190 1039 3236 a'ere
1046 3189 1128 3248 pulsus
1138 3188 1221 3236 excitat
1228 3204 1328 3250 quorum
1339 3206 1434 3238 recursu

149 3253 219 3300 etiam
230 3263 298 3300 tonos
308 3270 322 3300 a
333 3268 432 3299 numero
442 3253 554 3312 pulsuum
564 3253 606 3315 qui
617 3253 643 3299 in
653 3254 705 3300 a'e're
716 3265 775 3301 tem.
809 3266 894 3298 nervus
910 3253 1001 3315 longior
1017 3251 1085 3299 citibr
1100 3251 1170 3313 qualm
1182 3268 1224 3312 par
1234 3265 1268 3300 est
1278 3254 1379 3315 agitatur
1385 3273 1393 3313 ς
1409 3265 1434 3302 et

149 3332 205 3376 pore
220 3317 275 3364 dato
291 3317 429 3372 excitantur,
448 3316 556 3376 pendere,
575 3316 631 3364 crlm
652 3321 705 3379 (per
722 3319 775 3366 Cor.
809 3329 864 3362 cum
884 3315 1004 3378 utriusque
1019 3316 1082 3362 nervi
1098 3317 1201 3376 a'e'risque
1211 3321 1289 3362 motus
1305 3332 1433 3379 congruere

151 3381 221 3440 Prop.
234 3380 317 3444 hujus)
335 3396 448 3427 numerus
461 3381 573 3440 pulsuum
584 3381 680 3442 aequalis
690 3381 719 3427 sit
730 3397 774 3428 nu.
808 3394 856 3425 non
868 3379 956 3438 possint
967 3379 1009 3426 nisi
1021 3379 1120 3442 singula
1131 3394 1253 3425 nervorum
1262 3390 1337 3440 partes
1343 3381 1433 3444 aliquo-

148 3444 379 3490 merorrbrationum
390 3459 420 3490 ex
431 3444 467 3491 itu
478 3443 775 3504 etreditucompositarum
808 3451 839 3489 tae
856 3451 881 3490 et
898 3444 998 3504 oequales
1015 3444 1110 3490 seorsim
1128 3443 1269 3499 oscillentur,
1291 3455 1370 3490 motus
1391 3446 1432 3492 illa

70 3555 75 3564 ‚
147 3520 205 3568 quas
216 3507 302 3554 chorda
312 3509 403 3554 musica
417 3507 515 3570 peragit,
532 3517 556 3553 at
570 3510 600 3554 ab
615 3509 661 3554 isto
676 3523 776 3556 numero
808 3507 941 3566 conspirans
954 3517 1001 3554 tsm
1013 3507 1038 3552 in
1049 3507 1124 3553 nervis
1139 3505 1210 3568 qnam
1226 3507 1251 3552 in
1266 3507 1319 3553 abre
1335 3508 1431 3555 tandem

147 3581 257 3617 tonorum
268 3570 387 3618 diversitas
397 3571 485 3620 oriatur
496 3571 574 3634 (308).
806 3571 951 3629 producitur.
986 3571 1020 3618 Et
1040 3572 1091 3617 haec
1111 3569 1205 3630 quidem
1224 3569 1248 3616 in
1267 3571 1431 3629 experimentis

180 3639 235 3682 817.
256 3634 324 3682 Patet
332 3635 402 3681 etiam
410 3635 529 3697 quomodo
536 3636 595 3682 a'e'ris
600 3635 682 3696 pulsus
689 3651 774 3682 sonum
806 3635 901 3680 musicis
911 3632 945 3680 1111
956 3635 1091 3695 confingere
1102 3637 1251 3680 observarunt
1261 3634 1330 3683 Joan.
1346 3635 1429 3682 Wallis

146 3707 171 3744 et
181 3707 293 3745 tremores
302 3699 327 3744 in
339 3698 391 3746 aliis
401 3699 536 3759 corporibus
545 3699 651 3745 unisonis
660 3709 702 3747 aut
718 3715 773 3746 con.
808 3698 914 3757 Operum
925 3698 949 3744 in
960 3699 1000 3745 fol.
1016 3699 1084 3745 Tom.
1100 3698 1136 3744 II.
1150 3713 1203 3758 pag.
1216 3703 1271 3744 466.
1301 3697 1335 3744 Et
1346 3697 1430 3746 deinde

147 3762 283 3808 sonantibus
293 3776 370 3809 creare
380 3764 476 3822 possint.
512 3761 772 3823 Namcbma'e'rispul.
807 3762 926 3808 Acusticra
945 3763 1084 3809 instaurator
1104 3762 1136 3808 D.
1152 3762 1257 3808 Sauveur
1271 3761 1297 3807 in
1317 3762 1426 3810 Morum.

146 3840 187 3871 sus
197 3824 222 3871 in
233 3841 330 3872 nervum
341 3826 458 3872 musicum
466 3825 563 3874 incurrit
572 3825 613 3886 qui
621 3828 773 3874 vibrationem
807 3825 882 3872 Acad.
899 3825 970 3872 Paris.
984 3841 1021 3872 an.
1038 3829 1106 3874 1701.
1119 3824 1159 3872 ubi
1170 3825 1215 3875 alia
1226 3825 1382 3884 experimenta
1392 3842 1429 3874 ra-

146 3903 218 3936 unam
230 3904 259 3936 ex
269 3889 305 3936 itu
316 3898 340 3936 et
349 3889 426 3936 reditu
439 3889 589 3949 compositam
601 3890 718 3938 absolvere
731 3907 771 3950 ap-
804 3888 850 3936 sert
868 3905 921 3951 quae
937 3905 964 3936 ex
981 3889 1095 3949 praedictis
1106 3888 1174 3936 facile
1190 3897 1287 3948 possum
1304 3889 1428 3949 explicam

146 3952 237 4008 tussit,
259 3968 287 4000 eo
305 3962 409 4012 tempora
427 3969 475 4014 quo
491 3953 572 4012 pulsus
582 3969 649 4000 suam
660 3955 772 4012 percurrit
806 3956 820 3982 ⁸
832 3955 920 4000 etinde
935 3953 1113 4014 ingeniosissimi
1129 3953 1257 4013 systematis
1273 3950 1302 3999 de
1313 3963 1427 4000 tonorum

145 4015 301 4069 latitudinem,
314 4027 599 4064 commoveturnerruset
609 4017 774 4077 oscillaturper¹
805 4016 956 4076 productione
971 4026 996 4063 et
1011 4014 1134 4062 harmoniis
1149 4015 1302 4064 fundamenta
1318 4015 1429 4065 derivata

146 4080 771 4142 exiguumlicetspatiumetrecurrentrbusnosisatquc
804 4080 837 4126 111.
854 4081 884 4127 de
901 4081 994 4127 Mriran
1016 4081 1081 4127 omni
1097 4079 1167 4126 laude
1185 4080 1295 4138 asperior,
1318 4081 1381 4142 quod
1395 4082 1427 4127 ad

145 4143 332 4203 conspirantibus
350 4144 408 4190 a'eris
428 4144 536 4204 pulsibus
555 4143 653 4190 celerius
670 4155 771 4206 agitatur
803 4145 892 4202 praxim
913 4143 1046 4191 felicissime
1063 4144 1177 4191 revocavit
1194 4142 1229 4188 rir
1245 4143 1307 4192 Inter
1324 4145 1426 4191 eruditos

144 4206 368 4269 sonumquereddit.
405 4207 563 4256 Atsinervus
573 4208 771 4254 viurraonessnas
805 4208 912 4268 Orpheos
922 4207 1090 4255 illustrissimus
1102 4209 1136 4255 D.
1150 4209 1264 4256 Rameau.

144 4270 247 4333 integras
256 4287 298 4318 seu
309 4286 337 4316 ex
347 4271 381 4317 itu
393 4282 417 4317 et
427 4270 504 4318 reditu
514 4272 651 4331 compositas
661 4272 770 4332 perficere
835 4272 869 4332 (⁰)
883 4276 896 4302 *
909 4275 991 4320 Erunt
1001 4281 1029 4319 ut
1039 4275 1106 4318 iidem
1116 4281 1199 4318 motas.
1229 4272 1312 4318 Motus
1322 4271 1384 4318 enirn
1391 4270 1425 4318 illi

145 4345 245 4396 nequeat
263 4350 310 4397 quo
328 4343 431 4394 tempore
449 4335 531 4394 pulsus
548 4336 607 4382 aeris
622 4335 769 4382 latitudinem
802 4345 858 4382 sunt
869 4335 904 4381 vel
916 4351 991 4381 causas
1001 4335 1038 4382 rel
1049 4336 1145 4382 effectus
1161 4337 1322 4382 contractionis
1332 4345 1356 4382 et
1366 4334 1424 4381 dila-

145 4394 211 4444 suam
222 4397 337 4454 describit,
354 4398 426 4458 possit
442 4398 555 4444 tamenin
567 4409 642 4458 partes
657 4398 770 4460 aliquotas
802 4399 895 4445 tationis
912 4399 1012 4457 partium
1028 4399 1054 4444 in
1070 4398 1175 4458 pulsibus
1186 4398 1421 4458 correspondentium.

144 4461 281 4522 hujusmodi
293 4461 458 4508 vibrationibus
468 4463 605 4524 peragendis
613 4462 769 4522 aptasdividi3
805 4462 866 4508 Haec
876 4472 955 4508 tamen
966 4462 1084 4521 proportio
1099 4471 1205 4510 accurata
1215 4472 1315 4515 nonest,
1333 4462 1352 4508 si
1368 4476 1424 4508 con-

144 4536 221 4584 partas
242 4525 297 4581 illae,
319 4525 490 4586 quiescentibus
511 4527 650 4572 divisionum
669 4529 769 4586 punctis,
802 4525 1423 4586 tractionasetdilatationessintvaldaintensre‚quem.

143 4588 338 4649 congruentcrad
350 4589 462 4648 pulsuum
472 4604 591 4636 recursum
603 4590 687 4636 serisim
697 4589 769 4651 agita·
802 4588 930 4634 admodum
946 4589 965 4634 si
981 4589 1066 4636 chorda
1081 4591 1168 4636 musica
1185 4588 1257 4636 11111111
1273 4589 1295 4634 vi
1311 4589 1422 4648 pulsetur,

143 4653 241 4708 buntur,
253 4652 499 4714 vibrationesquesuas
509 4669 564 4700 cum
575 4653 681 4712 pulsibus
691 4655 770 4698 111110-
802 4652 837 4698 ris
854 4652 939 4698 matrix
958 4653 1123 4712 particularum
1140 4653 1191 4714 ejus
1207 4668 1254 4699 non
1272 4661 1307 4700 est
1324 4653 1424 4711 amplius

141 4731 184 4764 nas
194 4715 297 4778 singulae
307 4716 433 4775 perficient.
462 4717 487 4764 Si
498 4717 624 4764 veronerri
635 4720 683 4764 duo
693 4716 769 4776 proxi·
802 4715 977 4776 proportionalis
990 4715 1068 4778 spatiis
1082 4731 1124 4776 per
1138 4731 1191 4778 quae
1207 4716 1275 4764 debet
1290 4717 1386 4775 moveri,
1400 4725 1425 4764 et
