3434 5500
278 457 339 515 194
599 450 939 516 PHILOSOPHIAE
962 448 1235 516 NATURALIS
1293 449 1404 531 [Mor.
1415 449 1570 514 Gonnos.

279 621 336 686 Eat
351 621 435 686 enim
449 620 560 686 eadem
574 623 654 686 ratio
667 623 803 706 partium
823 624 978 708 majorum
999 622 1173 709 systematis
1198 621 1360 708 utriusque
1382 634 1476 708 atque
1495 643 1570 705 par-

276 731 450 794 ticularum.

323 838 421 901 Corol.
437 843 467 900 2.
505 828 558 900 'Et
586 835 700 900 similes
729 847 761 900 et
788 835 929 900 similiter
957 836 1067 920 positae
1096 845 1297 921 systematum
1325 848 1430 918 partes
1454 821 1568 898 omnes

274 943 436 1028 quiescant
448 943 530 1007 iuter
545 965 595 1006 se:
619 955 651 1007 et
665 965 772 1006 earum
786 943 869 1019 duae,
885 963 956 1027 quae
971 941 1091 1005 caeteris
1104 941 1238 1025 majores
1253 941 1324 1017 sint,
1340 953 1372 1004 et
1386 941 1446 1004 sibi
1456 954 1568 1004 mutuo

276 1050 309 1112 in
332 1061 464 1134 utroque
494 1061 661 1134 systemate
689 1048 962 1132 correspondeant,
993 1047 1167 1111 secundum
1190 1047 1289 1110 lineas
1319 1046 1460 1110 similiter
1490 1047 1567 1111 sitas

277 1155 369 1220 simili
384 1178 455 1219 cum
470 1168 558 1218 motu
572 1158 740 1239 utcumque
754 1151 873 1218 moveri
886 1150 1054 1239 incipienti
1076 1154 1128 1216 hoe
1142 1154 1307 1218 similesin
1321 1155 1448 1240 reliquis
1469 1168 1567 1241 syste-

275 1267 394 1328 metn'm
409 1263 550 1346 partibus
564 1262 747 1326 ‘excitabunt
760 1273 875 1339 motus,
890 1273 922 1325 et
935 1263 1069 1347 pergent
1081 1261 1164 1324 inter
1178 1261 1267 1344 ipsas'
1275 1261 1475 1343 temporibus
1490 1284 1567 1344 pro-
1585 1295 1588 1303 ·

275 1368 501 1454 portionalibus
517 1367 657 1431 similiter
678 1367 813 1444 moveri3
838 1380 931 1453 atque
952 1366 1025 1432 idel)
1046 1365 1146 1452 spatia
1166 1365 1325 1431 dumetns
1347 1366 1410 1430 suis
1431 1389 1567 1452 propor-

276 1480 404 1546 tionalia
419 1479 621 1544 describere.
736 1478 737 1482 ’
1034 1477 1038 1480 ’

438 1735 722 1802 PROPOSITIO
745 1735 917 1816 XXXIII.
962 1733 1235 1801 THEOREMA
1257 1733 1408 1839 XXVII.

274 1911 386 1977 Iisdem
404 1912 526 1994 positis,
551 1913 619 1974 dico
640 1911 720 1992 qtmd
739 1917 925 1994 systematum
933 1917 1043 1990 portes
1056 1906 1182 1991 majores
1193 1909 1374 1971 resistuntur
1389 1908 1423 1970 ia
1446 1908 1567 1970 ratione

318 2019 479 2101 cmnpositd
498 2041 536 2081 aa
555 2017 711 2100 duplicatd
732 2021 853 2081 ratione
879 2020 1073 2082 velocitatem
1091 2039 1211 2082 urorum
1224 2027 1254 2081 et
1267 2015 1425 2100 duplicata
1445 2019 1567 2080 ratione

318 2131 531 2191 diametrorum
545 2137 574 2190 et
587 2129 708 2190 ratium
721 2128 883 2190 densitatis
890 2126 1027 2208 partium
1044 2136 1239 2210 systematum.

235 2367 237 2376 κ
319 2320 403 2386 Nam
428 2319 602 2382 resistentia
625 2320 724 2383 oritur
748 2319 863 2403 partim
888 2341 929 2383 ex
951 2319 1069 2383 viribus
1095 2319 1274 2402 centripetis
1302 2319 1353 2383 vel
1383 2313 1567 2404 centrifngis

275 2419 387 2516 quibus
402 2427 564 2512 particulae
586 2440 789 2514 systematum
810 2451 843 2492 se
865 2439 975 2491 mutuo
996 2427 1125 2514 agitant,
1147 2427 1263 2510 partim
1277 2447 1320 2490 ex
1334 2425 1515 2488 occursibus
1536 2435 1567 2486 et

274 2533 494 2600 reflexionibus
516 2521 736 2618 particularum
760 2546 793 2598 et
813 2535 950 2619 partium
965 2536 1129 2619 majorum.
1175 2534 1294 2599 Prioris
1315 2516 1420 2603 autem
1440 2531 1565 2621 generis

273 2641 457 2705 resistentiae
482 2641 617 2703 suntad
643 2641 774 2703 invicem
796 2653 832 2704 nt
857 2641 938 2705 vires
964 2653 1038 2704 totae
1063 2641 1209 2705 motrices
1233 2664 1253 2704 a
1274 2641 1390 2727 quibus
1410 2643 1565 2716 oriuntur,

275 2750 313 2834 (Ζ)
331 2749 436 2825 idest,
459 2759 495 2811 ut
509 2749 590 2811 vires
604 2735 679 2811 totae
694 2747 926 2813 acceleratrices
947 2760 979 2813 et
1001 2750 1188 2834 quantitates
1210 2749 1350 2812 materiae
1370 2747 1566 2832 inpartibus

274 2854 607 2938 correspondentibus3
638 2855 701 2919 hoc
726 2869 774 2920 est
798 2862 868 2942 (per
892 2856 1107 2943 Hypothesin)
1131 2870 1167 2922 ut
1191 2857 1343 2944 quadrata
1366 2857 1567 2922 velocitatum

274 2960 392 3024 directe
407 2972 439 3024 et
453 2960 607 3024 distantiae
621 2963 846 3047 particularum
867 2964 1179 3048 correspondentiam
1193 2963 1315 3028 inverse
1330 2977 1363 3027 et
1377 2964 1566 3050 quantitates

274 3068 412 3131 materiae
434 3056 633 3151 inpartibus
659 3071 975 3154 correspondentibus
998 3069 1132 3135 directe:
1162 3071 1296 3157 idebque
1317 3092 1389 3133 cum
1410 3070 1566 3133 distantia

273 3176 496 3260 particularum
518 3179 798 3264 systematisunius
814 3180 877 3243 sint
890 3180 931 3243 ad
946 3180 1107 3244 distantias
1129 3179 1409 3263 correspondentes
1430 3179 1567 3262 particu-

274 3283 374 3347 larum
396 3284 531 3361 alteriue,
559 3297 594 3349 ut
616 3285 767 3350 diameter
786 3286 949 3370 particulae
970 3287 1020 3350 vel
1041 3286 1138 3370 partis
1159 3288 1193 3349 in
1215 3298 1379 3371 systemate
1397 3284 1503 3368 priore
1525 3284 1567 3348 ad

274 3392 458 3455 diametrum
472 3391 635 3475 particulae
649 3392 699 3456 vel
709 3393 806 3476 partis
822 3392 1094 3477 correspondentis
1108 3391 1142 3453 in
1156 3391 1264 3469 altero,
1282 3392 1321 3477 (⁸)
1331 3402 1363 3453 et
1377 3392 1565 3475 quantitates

249 3516 255 3536 ‘
274 3482 412 3565 materiae
426 3500 488 3563 sint
502 3511 537 3564 ut
551 3499 720 3564 densitates
734 3501 870 3587 partium
885 3513 917 3565 et
932 3501 1004 3564 cubi
1026 3485 1266 3575 diametrorum
1287 3498 1472 3562 resistentia
1492 3512 1566 3564 sunt

274 3612 314 3675 ad
329 3613 461 3675 invicem
474 3624 510 3674 nt
524 3610 675 3696 quadrata
688 3610 888 3675 velocitatum
902 3624 933 3696 et
948 3610 1100 3697 quadrata
1114 3609 1336 3672 diametrorum
1351 3619 1383 3671 et
1396 3607 1565 3671 densitates

273 3721 408 3804 partium
431 3728 641 3807 systematum.
688 3718 730 3794 Q.
747 3741 773 3783 e.
790 3718 823 3783 d.
870 3719 910 3806 (ὓ)
934 3719 1120 3784 Posterioris
1141 3718 1265 3806 generis
1286 3716 1470 3799 resistentia
1492 3728 1567 3781 sunt

308 3911 344 3975 (¹¹)
355 3916 368 3944 ⁸
379 3915 409 3961 ld
416 3922 455 3970 est,
466 3914 818 3961 sucirmtataaccelerutrieeset
826 3928 903 3975 quun·
935 3909 1007 3966 unde,
1018 3910 1148 3973 conjunctis
1163 3907 1200 3955 bis
1215 3908 1350 3963 redonibus,
1366 3905 1501 3954 resistentia
1511 3921 1566 3968 quaa

275 3978 350 4023 tiaras
360 3981 463 4025 materia
476 3980 529 4041 (per
541 3976 597 4023 nef.
612 3982 634 4023 8.
650 3976 703 4023 Lib.
719 3976 739 4022 1.
745 3975 763 4035 ).
936 3988 965 4021 ex
975 3974 1141 4034 particularum
1152 3983 1176 4020 et
1185 3973 1288 4032 partium
1297 3971 1415 4033 majorum
1430 3969 1566 4017 occursibus

308 4040 345 4102 (²)
358 4043 371 4070 ³
384 4044 418 4087 Et
428 4044 569 4103 quantitates
579 4042 744 4097 materiariam
756 4040 800 4087 uc.
821 4040 904 4093 Quan-
936 4047 961 4084 et
978 4037 1142 4084 reflexionibus
1159 4037 1274 4092 orianum,
1296 4044 1352 4081 sunt
1372 4048 1464 4093 semper
1482 4042 1510 4081 ut
1528 4048 1565 4079 re-

274 4102 351 4150 titates
370 4104 472 4151 materia
490 4098 590 4151 sunt'ut
606 4103 731 4151 densitates
746 4114 770 4150 et
785 4103 906 4149 volumina
937 4100 1065 4147 flexionum
1075 4099 1305 4160 correspondentium
1312 4098 1405 4150 numeri
1413 4096 1565 4144 drumnan-

274 4167 377 4243 partiqm
388 4168 531 4229 conjunctim
544 4170 577 4231 (t.
593 4168 647 4215 Lib.
663 4167 707 4229 1.)‚
725 4175 748 4213 et
759 4169 789 4214 ob
799 4167 904 4227 partium
932 4165 1042 4227 juncum.
1078 4164 1181 4213 Numeri
1199 4172 1279 4209 autem
1297 4161 1458 4218 reflexionum,
1475 4160 1566 4207 ceteris

275 4229 462 4287 simihtudinem,
482 4230 602 4279 volumIna
617 4241 673 4278 sunt
689 4240 716 4278 ut
732 4232 788 4277 cubi
804 4231 904 4277 laterum
935 4229 1037 4289 paribus,
1056 4237 1111 4275 sunt
1127 4226 1273 4284 adinvicem
1284 4234 1311 4272 ut
1319 4226 1451 4272 velocitates
1461 4224 1564 4284 partium

274 4295 465 4355 homologorum,·
478 4310 520 4340 seu
530 4294 702 4351 dIametrorum,
720 4293 819 4355 ldebque
829 4310 904 4356 quan·
936 4290 1165 4352 cmrespondenfium
1186 4288 1280 4346 ditate,
1302 4289 1444 4345 et‘caetetia
1461 4288 1565 4347 paribus,

274 4360 351 4407 titates
362 4356 466 4405 mutedae
477 4367 567 4405 suntut
577 4359 701 4406 densitates
711 4358 905 4419 partiumeteubi
936 4365 992 4404 sunt
1002 4354 1093 4402 inverse
1103 4364 1131 4402 ut
1140 4354 1214 4415 spatia
1224 4354 1286 4399 inter
1296 4352 1461 4413 particularum
1478 4360 1502 4398 et
1511 4366 1565 4411 par·

274 4423 449 4470 diametrorum.
936 4420 996 4467 tium
1011 4417 1241 4478 correspondentium
1256 4430 1367 4463 occursus
1376 4431 1417 4462 seu
1429 4414 1565 4461 reflexiones

302 4487 336 4553 (¹³)
345 4490 359 4517 ⁴
370 4487 501 4534 Posterioris
508 4478 789 4546 grammaticamque.
810 4486 834 4533 Sl
842 4485 906 4532 enim
937 4483 1070 4543 intercepta,
1087 4482 1113 4529 id
1124 4491 1166 4537 est,
1181 4480 1271 4528 inverse
1281 4490 1308 4527 ut
1317 4478 1419 4539 partium
1430 4492 1565 4539 correspon-

273 4549 334 4597 virea
344 4548 497 4597 reflexionum
513 4558 674 4608 supponantur
682 4549 789 4611 aequales,
797 4550 904 4597 resIstan·
935 4547 1043 4595 dentium
1062 4545 1174 4601 diametri,
1194 4542 1294 4605 idebque
1308 4546 1402 4592 numeri
1417 4545 1565 4607 reflexionem

273 4614 315 4659 tire
325 4623 382 4660 sunt
391 4623 419 4661 ut
430 4612 522 4660 numeri
533 4611 687 4659 reflexionum
697 4630 739 4660 seu
750 4626 903 4669 occursuum3
936 4621 992 4659 suat
1001 4616 1033 4659 ud
1043 4614 1141 4659 invicem
1152 4618 1180 4659 ut
1189 4612 1315 4657 vdocitutet
1322 4610 1426 4669 partium
1435 4622 1565 4667 correqmm-

273 4684 298 4724 et
313 4676 333 4723 si
351 4678 442 4725 numeri
454 4676 608 4723 reflexionum
624 4687 752 4739 aquantur,
769 4676 906 4723 resistentia
937 4679 1043 4727 damiam
1056 4674 1139 4722 directi
1157 4682 1182 4721 et
1196 4672 1332 4719 earumdem
1347 4670 1456 4717 diametri
1466 4666 1561 4715 inversu

274 4752 330 4788 aunt
351 4749 379 4789 ut
400 4741 459 4789 vires
480 4740 634 4789 reflexionem
655 4740 905 4801 correspondentiam
938 4735 973 4791 Bt
988 4742 1046 4789 vires
1060 4740 1210 4802 reflexionem
1220 4745 1277 4785 suat
1290 4744 1318 4786 ut
1334 4734 1413 4782 motus
1427 4734 1566 4797 quantitates
