3434 5500
262 383 322 439 184
584 371 928 442 PHILOSOPHIAE
950 370 1224 442 NATURALIS
1275 375 1559 454 [Moncwoo.

259 541 348 606 vacui
363 563 403 606 ex
419 540 469 604 his
484 540 671 624 dependeat,
695 553 731 605 ut
746 543 960 626 experimenta
974 565 1047 620 curn
1061 543 1164 630 globis
1178 555 1211 607 at
1223 543 1368 627 pluribus
1383 554 1415 607 at
1427 544 1556 628 majori·

259 652 319 714 bus
338 661 370 713 et
392 649 491 736 magia
517 648 669 712 accuratis
694 661 898 714 tentarentur.
945 651 979 716 Si
998 651 1086 737 globi
1106 663 1269 729 sumantur
1292 651 1326 712 in
1349 649 1555 734 proportione

259 754 457 843 geometrici,
484 753 561 839 putri
583 777 717 840 quorum
739 755 883 820 diametri
905 757 968 821 sint
988 757 1401 844 digitonuni,8,16,82;
1426 781 1467 822 ex
1479 781 1554 843 prob

259 863 418 952 gressione
432 863 719 947 experimentorum
734 861 899 951 colligetur
912 865 990 950 quid
1003 865 1037 928 in
1050 865 1153 952 globis
1167 863 1270 930 aclhuc
1292 866 1463 950 majoribus
1482 880 1553 931 ere-

259 973 327 1036 nire
341 971 464 1034 debeat.
1136 1033 1149 1046 ,,
1557 970 1561 981 “

301 1081 373 1145 Jam
386 1079 460 1143 verd
475 1076 665 1141 conserendo
679 1078 870 1142 resistentias
884 1077 1079 1143 diversorum
1091 1077 1262 1142 fluidorum
1276 1078 1358 1142 inter
1372 1101 1417 1155 se,
1432 1079 1550 1142 tentavi

260 1191 428 1276 sequentia.
474 1191 591 1252 Arcam
607 1188 742 1274 ligneam
756 1189 865 1272 paravi
878 1186 1073 1275 longitudine
1087 1187 1206 1272 pedum
1219 1199 1366 1272 quatuor,
1387 1187 1552 1252 latitudine

259 1309 290 1362 et
304 1295 465 1360 altitudine
479 1294 569 1377 pedis
584 1294 685 1357 unius.
731 1293 828 1358 Hanc
841 1294 993 1378 operculo
1007 1294 1157 1358 nudatam
1170 1294 1298 1377 implevi
1313 1293 1394 1379 aqui
1408 1294 1548 1375 fontani,

257 1405 378 1489 fecique
393 1415 428 1466 ut
441 1402 586 1464 immersa
600 1399 739 1485 pendula
753 1401 786 1464 in
800 1400 905 1464 medio
918 1421 1009 1486 aquae
1022 1400 1194 1464 oseillnndo
1213 1398 1425 1464 moverentur.
1471 1402 1550 1466 Glo-

259 1516 318 1578 bus
343 1526 447 1579 autem
474 1511 639 1595 plumbeus
662 1510 802 1595 pondere
831 1513 913 1590 166&
938 1510 1110 1587 unciarum,
1135 1509 1287 1573 diametro
1314 1510 1354 1589 33
1381 1509 1551 1595 digitorum

260 1621 441 1686 mdvebatur
455 1631 490 1683 ut
504 1619 537 1682 in
553 1617 659 1682 tabulsi
675 1630 824 1703 sequente
838 1618 1071 1703 descripsimus,
1088 1617 1242 1682 existente
1256 1617 1402 1680 videlicet
1415 1617 1550 1704 longitu-

181 1809 183 1814 .
257 1728 332 1792 dine
346 1726 476 1812 penduli
491 1749 510 1789 a
523 1737 642 1811 puncto
657 1725 868 1810 suspensionis
891 1725 931 1788 ad
952 1735 1105 1809 punctum
1119 1724 1278 1809 quoddam
1293 1724 1327 1785 in
1341 1723 1396 1786 fiio
1410 1736 1550 1788 notatum

262 1845 321 1902 126
337 1837 516 1925 digitorum,
534 1836 575 1900 ad
590 1834 789 1898 oscillationis
803 1846 911 1898 autem
925 1846 1067 1897 centrum
1085 1838 1165 1926 iti}
1180 1832 1359 1919 digitorum.

173 2089 176 2106 .
259 2008 991 2175 airausdesceosuprimoapunctoinfido}64
1037 2056 1078 2112 32
1125 2057 1164 2112 16
1209 2058 1229 2112 8
1273 2057 1294 2111 4
1339 2055 1359 2110 2
1406 2057 1420 2112 1
1468 2052 1487 2128 q
1532 2051 1551 2129 q

301 2127 405 2179 notato
419 2117 593 2196 descriptus,
612 2115 776 2198 digitorum

259 2223 356 2286 Arcus
369 2243 491 2285 ascensu
511 2221 615 2284 ultimo
630 2221 803 2304 descriptw,
828 2221 942 2391 rigi-q
953 2271 994 2325 43
1039 2271 1080 2324 Ἠ
1129 2269 1167 2323 12
1213 2269 1233 2324 6
1280 2270 1299 2324 3
1347 2265 1384 2340 lg
1411 2261 1425 2296 a

301 2342 398 2394 taam

259 2437 389 2501 Arearum
404 2435 578 2522 differentia
601 2411 995 2604 matthaniam-pro}16
1061 2487 1080 2540 3
1147 2484 1167 2538 4
1211 2483 1231 2538 2
1279 2483 1292 2536 1
1340 2479 1358 2555 g
1405 2475 1425 2552 q
1470 2475 1552 2557 ΗΕ

1408 2263 1549 2344 riri

296 2545 491 2628 portionalis,
509 2545 672 2626 digitorum
1492 2593 1495 2597 .

259 2653 408 2714 Numerus
423 2650 642 2718 oscillationem
657 2649 690 2710 ia
705 2670 787 2732 aquo
1103 2648 1143 2736 ἓξ
1212 2656 1251 2734 i}
1281 2658 1299 2711 3
1324 2647 1551 2726 mimi-Hi

260 2764 409 2826 Numeros
424 2764 644 2825 oscillationem
659 2765 693 2825 in
707 2767 779 2825 aire
952 2759 1013 2842 85}
1045 2768 1108 2829 287
1143 2769 1205 2825 535

304 2936 342 2998 In
359 2934 572 3018 experimento
586 2934 742 2999 columnae
758 2944 887 3019 quartoe,
910 2944 1014 2996 motus
1029 2932 1165 3017 aequales
1180 2930 1424 2994 oscillationibus
1440 2935 1503 2993 535
1519 2926 1551 2987 in

260 3047 341 3119 a'e're,
358 3056 389 3107 et
407 3047 445 3127 1}
459 3044 492 3105 in
506 3043 586 3129 aqui
603 3043 707 3107 amissi
722 3055 803 3107 sunt.
852 3043 953 3106 Erant
966 3042 1092 3125 quidem
1108 3040 1315 3104 oscillationes
1330 3038 1363 3100 in
1377 3040 1449 3100 aiire
1457 3034 1554 3119 paulo

260 3149 422 3214 celeriores
433 3149 528 3235 quim
541 3152 576 3213 in
590 3149 680 3236 aquai.
725 3152 770 3213 At
785 3150 811 3213 si
825 3150 1033 3213 oscidationes
1047 3150 1081 3213 in
1095 3148 1176 3234 aqui
1191 3150 1225 3211 in
1240 3147 1276 3211 ei
1292 3146 1412 3209 ratione
1434 3143 1552 3208 accele-

260 3269 403 3319 rarentur
429 3270 465 3321 ut
487 3268 590 3320 motus
613 3258 823 3341 pendulorum
849 3258 884 3319 in
908 3258 1014 3321 medio
1036 3270 1171 3342 utroque
1196 3258 1308 3319 fierent
1336 3251 1551 3339 oequireloces,

260 3377 400 3428 maneret
413 3386 562 3428 numerus
577 3365 661 3429 idem
675 3364 902 3429 oscillationum
920 3368 958 3448 l}
972 3366 1006 3427 in
1021 3363 1111 3449 aqui,
1128 3363 1241 3450 quibus
1255 3362 1296 3448 (¹¹)
1309 3375 1412 3425 motus
1420 3362 1505 3425 idem
1515 3382 1552 3423 ac

262 3560 349 3621 trifuga
367 3558 515 3606 infinitesima
534 3559 571 3613 sit,
589 3559 608 3605 si
625 3574 679 3605 cum
698 3560 721 3605 ri
740 3558 788 3621 qui
806 3572 891 3620 corpus
922 3574 978 3607 vero
987 3572 1045 3617 non,
1063 3559 1097 3607 ita
1107 3568 1135 3607 ut
1145 3559 1250 3621 quamvis
1265 3560 1295 3606 ab
1310 3566 1446 3605 oocunente
1455 3555 1552 3604 materia

262 3625 362 3683 spatium
372 3623 467 3671 finitum
477 3632 581 3684 tempora
591 3622 684 3688 intinito
700 3622 814 3681 describit,
831 3637 889 3671 con-
925 3624 1078 3680 dimoveatur,
1101 3624 1160 3669 nihii
1177 3623 1244 3670 tollat
1261 3622 1292 3670 de
1307 3623 1359 3685 ejas
1374 3632 1457 3679 motu3
1479 3621 1552 3669 simui

261 3686 355 3734 feratur.
923 3698 1004 3734 antem
1014 3687 1446 3749 matrimrquodidoethercorporum
1458 3694 1552 3733 motum

295 3754 308 3781 ¹¹
322 3750 357 3797 Et
366 3750 461 3813 quidem
473 3750 600 3797 resistentia
616 3764 645 3797 ex
661 3752 773 3814 gravitate
785 3751 890 3799 materia
920 3752 999 3798 sistere
1009 3760 1085 3812 potest
1094 3759 1135 3798 aut
1144 3760 1236 3798 moure
1250 3750 1478 3812 quomodocumque,
1493 3762 1550 3796 arm

262 3815 402 3861 occurrentis
413 3830 461 3861 non
472 3816 564 3874 pendet,
582 3814 623 3861 sed
633 3816 662 3861 ex‘
673 3816 724 3877 ejus
734 3814 825 3872 inertis,
843 3814 891 3876 quis
921 3815 1025 3862 siaether
1035 3815 1066 3862 sit
1075 3814 1193 3877 gravitatis
1208 3830 1279 3862 cauas
1293 3824 1385 3875 oportet
1398 3823 1428 3860 ut
1444 3812 1487 3859 iiia
1500 3813 1552 3872 ipsa

262 3878 290 3923 fit
309 3886 334 3923 ut
353 3876 446 3925 nuilum
465 3892 549 3939 corpus
564 3880 593 3925 ab
609 3879 655 3927 alio
671 3888 763 3926 motum
782 3880 892 3939 suspriat
923 3879 1019 3926 materia
1029 3881 1192 3940 aethereaque
1201 3878 1303 3939 corporis
1318 3878 1377 3924 moti
1391 3877 1483 3924 actione
1497 3890 1551 3922 mo-

262 3942 319 4002 quin
341 3940 487 3989 tantumdem
503 3950 582 3988 motus
598 3942 624 3988 in
643 3958 672 3992 eo
693 3942 801 3997 destruat,
820 3942 893 4003 idque
924 3952 999 4000 vetur,
1011 3942 1070 3989 dum
1080 3952 1159 3989 taram
1170 3942 1358 4004 nssrilquioquam
1369 3940 1399 3987 de
1410 3940 1473 3987 iilius
1483 3949 1552 3987 motu

262 4004 391 4051 mechanici
407 4006 564 4053 communiter
580 4012 686 4054 statuunt
696 4016 744 4053 tam
755 4022 783 4053 er
795 4020 892 4054 consen·
923 4006 992 4065 tollit,
1009 4007 1082 4067 possit
1091 4006 1150 4053 iilud
1162 4006 1224 4053 idem
1235 4020 1319 4066 carpus
1329 4006 1349 4052 si
1359 4020 1453 4051 sursum
1462 4004 1551 4050 santur

263 4083 291 4114 su
302 4068 892 4131 omniumquorumcumquephaeriomenorum,ubi
924 4071 1011 4126 sistere,
1030 4071 1056 4117 in
1073 4070 1195 4117 adversum
1214 4070 1265 4132 ejus
1281 4069 1433 4117 directionem
1451 4077 1549 4122 mutare,

264 4130 364 4195 (semoti
374 4132 492 4194 gravitatis
507 4134 700 4195 consideratione)
717 4135 798 4182 nulius
814 4141 893 4181 motus
924 4136 966 4181 dc.
996 4136 1059 4189 Ques
1069 4132 1223 4196 metaphysied
1233 4134 1304 4181 etism
1313 4134 1376 4180 inter
1385 4148 1410 4179 se
1420 4144 1551 4195 repugnare

263 4206 354 4243 motum
373 4192 523 4255 producendo
539 4212 587 4244 non
602 4198 754 4254 consumitur,
775 4210 846 4260 quam
863 4212 892 4245 ex
924 4199 1040 4255 ridentur,
1052 4213 1096 4244 nee
1105 4199 1160 4245 satis
1166 4198 1238 4245 fuisse
1248 4212 1361 4257 perpensa
1370 4199 1401 4244 ab
1411 4196 1551 4259 ingeniosis·

263 4260 381 4320 principiis
391 4260 554 4320 metaphysicis*
564 4260 612 4325 qui
622 4262 695 4324 liquet
705 4262 768 4324 quod
779 4264 798 4309 si
808 4276 845 4309 res
861 4263 894 4309 itt
924 4261 989 4309 sitnia
1001 4257 1173 4309 cortesianisrni
1183 4261 1381 4308 muratoribus.

263 4338 288 4369 se
304 4340 354 4371 non
368 4324 471 4380 haberet,
492 4320 529 4370 vei
547 4326 659 4373 minimus
677 4334 755 4373 motus
771 4326 892 4373 infinitum
957 4326 994 4388 (h)
1008 4330 1021 4358 *
1033 4329 1113 4373 Motus
1122 4329 1183 4373 ideas
1193 4342 1221 4373 oe
1228 4329 1297 4387 prius
1307 4328 1458 4373 ammonui.
1494 4322 1550 4370 Dii·

262 4397 355 4435 motum
373 4387 518 4449 produceret,
536 4396 631 4450 totaque
650 4390 751 4436 universi
770 4390 844 4437 moles
863 4402 892 4436 ex
923 4389 1022 4437 ieremia
1033 4404 1131 4437 arcuum
1142 4389 1218 4435 motui
1229 4389 1315 4436 amisso
1324 4387 1509 4455 prpportionaiis,
1516 4395 1551 4433 ast

263 4452 334 4498 atomi
342 4452 501 4514 progressione
508 4450 670 4509 dimoventur,
682 4452 746 4516 quod
754 4452 890 4501 absurdum.
923 4463 953 4501 ut
963 4454 1091 4501 resistentia
1102 4462 1125 4500 et
1135 4453 1275 4515 quadratum
1285 4453 1395 4513 temporis
1405 4450 1549 4515 conjunctim

264 4512 335 4563 Unde
346 4516 365 4563 si
376 4516 448 4563 aether
463 4530 512 4561 non
529 4515 650 4573 resisteret,
668 4518 713 4564 hoc
724 4526 758 4564 est
768 4520 791 4563 vi
802 4518 892 4564 inertiae
925 4520 978 4581 (per
998 4520 1051 4565 Cor.
1065 4523 1088 4565 5.
1107 4517 1175 4567 Lem.
1196 4517 1261 4577 X.);
1281 4516 1322 4563 sed
1340 4526 1408 4564 auda
1425 4515 1550 4576 paululum

262 4586 355 4635 careret,
372 4578 490 4643 fingendae
506 4579 585 4627 iorent
603 4579 657 4627 duae
675 4582 777 4628 materiae
797 4583 891 4643 species,
925 4582 1054 4637 velocitate,
1073 4581 1202 4628 resistentia
1219 4580 1395 4643 quamproxime
1410 4590 1510 4643 augetur
1524 4578 1550 4623 in

261 4656 362 4705 querum
380 4644 452 4693 altera
471 4643 494 4693 vi
512 4642 605 4693 inertiae
624 4644 720 4707 predita
734 4645 801 4701 foret,
822 4646 894 4695 altera
926 4646 977 4708 ejus
987 4646 1077 4694 ratione
1087 4642 1207 4707 duplicati
1218 4649 1271 4709 (per
1282 4644 1362 4706 Hyp.)
1379 4652 1403 4692 ct
1413 4644 1483 4693 simui
1493 4658 1550 4707 qum
