<?xml version="1.0" encoding="UTF-8"?>
<!DOCTYPE html PUBLIC "-//W3C//DTD XHTML 1.0 Transitional//EN"
    "http://www.w3.org/TR/xhtml1/DTD/xhtml1-transitional.dtd">
<html xmlns="http://www.w3.org/1999/xhtml" xml:lang="en" lang="en">
 <head>
  <title>
</title>
<meta http-equiv="Content-Type" content="text/html;charset=utf-8" />
  <meta name='ocr-system' content='tesseract 3.04.00' />
  <meta name='ocr-capabilities' content='ocr_page ocr_carea ocr_par ocr_line ocrx_word'/>
</head>
<body>
  <div class='ocr_page' id='page_1' title='image "./philosophinatur02wriggoog_0149.png"; bbox 0 0 3434 5500; ppageno 0'>
   <div class='ocr_carea' id='block_1_1' title="bbox 176 434 1462 539">
    <p class='ocr_par' dir='ltr' id='par_1_1' title="bbox 176 434 1462 539">
     <span class='ocr_line' id='line_1_1' title="bbox 176 434 1462 539; baseline -0.002 -35"><span class='ocrx_word' id='word_1_1' title='bbox 176 440 288 504; x_wconf 76' lang='lat' dir='ltr'><strong>Lmen</strong></span> <span class='ocrx_word' id='word_1_2' title='bbox 300 437 464 515; x_wconf 71' lang='lat' dir='ltr'><strong>Securo]</strong></span> <span class='ocrx_word' id='word_1_3' title='bbox 496 435 737 501; x_wconf 79' lang='lat' dir='ltr'><strong>PRINCIPIA</strong></span> <span class='ocrx_word' id='word_1_4' title='bbox 761 434 1131 539; x_wconf 82' lang='lat' dir='ltr'><strong>MATHEMATICA.</strong></span> <span class='ocrx_word' id='word_1_5' title='bbox 1401 445 1462 502; x_wconf 70' lang='lat'><strong>135</strong></span> 
     </span>
    </p>
   </div>
   <div class='ocr_carea' id='block_1_2' title="bbox 169 603 1463 1767">
    <p class='ocr_par' dir='ltr' id='par_1_2' title="bbox 174 603 1462 779">
     <span class='ocr_line' id='line_1_2' title="bbox 177 603 1462 694; baseline -0.005 -20"><span class='ocrx_word' id='word_1_6' title='bbox 177 610 233 675; x_wconf 80' lang='lat' dir='ltr'><strong>sin</strong></span> <span class='ocrx_word' id='word_1_7' title='bbox 255 627 371 691; x_wconf 85' lang='lat' dir='ltr'><strong>corpus</strong></span> <span class='ocrx_word' id='word_1_8' title='bbox 386 629 406 668; x_wconf 85' lang='lat' dir='ltr'><strong>a</strong></span> <span class='ocrx_word' id='word_1_9' title='bbox 418 607 449 668; x_wconf 89' lang='lat' dir='ltr'><strong>vi</strong></span> <span class='ocrx_word' id='word_1_10' title='bbox 463 605 516 670; x_wconf 80' lang='lat' dir='ltr'><strong>illi</strong></span> <span class='ocrx_word' id='word_1_11' title='bbox 531 617 687 694; x_wconf 82' lang='lat' dir='ltr'><strong>urgeatur</strong></span> <span class='ocrx_word' id='word_1_12' title='bbox 707 606 814 683; x_wconf 83' lang='lat' dir='ltr'><strong>levius,</strong></span> <span class='ocrx_word' id='word_1_13' title='bbox 839 605 1014 670; x_wconf 83' lang='lat' dir='ltr'><strong>differentia</strong></span> <span class='ocrx_word' id='word_1_14' title='bbox 1035 603 1148 670; x_wconf 80' lang='lat' dir='ltr'><strong>virium</strong></span> <span class='ocrx_word' id='word_1_15' title='bbox 1169 624 1229 690; x_wconf 92' lang='lat' dir='ltr'><strong>pro</strong></span> <span class='ocrx_word' id='word_1_16' title='bbox 1244 603 1277 668; x_wconf 91' lang='lat' dir='ltr'><strong>vi</strong></span> <span class='ocrx_word' id='word_1_17' title='bbox 1288 605 1462 692; x_wconf 75' lang='lat' dir='ltr'><strong>centrisugi</strong></span> 
     </span>
     <span class='ocr_line' id='line_1_3' title="bbox 174 714 400 779; baseline -0.013 0"><span class='ocrx_word' id='word_1_18' title='bbox 174 715 281 779; x_wconf 90' lang='lat' dir='ltr'><strong>haberi</strong></span> <span class='ocrx_word' id='word_1_19' title='bbox 297 714 400 776; x_wconf 89' lang='lat' dir='ltr'><strong>debet.</strong></span> 
     </span>
    </p>

    <p class='ocr_par' dir='ltr' id='par_1_3' title="bbox 169 821 1463 1767">
     <span class='ocr_line' id='line_1_4' title="bbox 218 821 1463 907; baseline 0 -20"><span class='ocrx_word' id='word_1_20' title='bbox 218 827 318 888; x_wconf 87' lang='lat' dir='ltr'><strong>Corol.</strong></span> <span class='ocrx_word' id='word_1_21' title='bbox 334 832 365 887; x_wconf 87' lang='lat'><strong>9.</strong></span> <span class='ocrx_word' id='word_1_22' title='bbox 411 821 494 886; x_wconf 82' lang='lat' dir='ltr'><strong>de</strong></span> <span class='ocrx_word' id='word_1_23' title='bbox 509 834 612 886; x_wconf 88' lang='lat' dir='ltr'><strong>eutem</strong></span> <span class='ocrx_word' id='word_1_24' title='bbox 636 823 734 888; x_wconf 87' lang='lat' dir='ltr'><strong>fluida</strong></span> <span class='ocrx_word' id='word_1_25' title='bbox 753 823 926 907; x_wconf 91' lang='lat' dir='ltr'><strong>premendo</strong></span> <span class='ocrx_word' id='word_1_26' title='bbox 952 845 1083 907; x_wconf 84' lang='lat' dir='ltr'><strong>corpora</strong></span> <span class='ocrx_word' id='word_1_27' title='bbox 1104 821 1225 902; x_wconf 75' lang='lat' dir='ltr'><strong>incluse</strong></span> <span class='ocrx_word' id='word_1_28' title='bbox 1247 844 1312 886; x_wconf 90' lang='lat' dir='ltr'><strong>non</strong></span> <span class='ocrx_word' id='word_1_29' title='bbox 1342 833 1463 888; x_wconf 87' lang='lat' dir='ltr'><strong>mutent</strong></span> 
     </span>
     <span class='ocr_line' id='line_1_5' title="bbox 172 928 1461 1014; baseline -0.003 -19"><span class='ocrx_word' id='word_1_30' title='bbox 172 951 283 995; x_wconf 89' lang='lat' dir='ltr'><strong>eorum</strong></span> <span class='ocrx_word' id='word_1_31' title='bbox 304 929 422 1014; x_wconf 85' lang='lat' dir='ltr'><strong>figuras</strong></span> <span class='ocrx_word' id='word_1_32' title='bbox 448 941 603 1005; x_wconf 86' lang='lat' dir='ltr'><strong>externas,</strong></span> <span class='ocrx_word' id='word_1_33' title='bbox 633 941 720 1013; x_wconf 91' lang='lat' dir='ltr'><strong>patet</strong></span> <span class='ocrx_word' id='word_1_34' title='bbox 745 930 873 1012; x_wconf 86' lang='lat' dir='ltr'><strong>insuper</strong></span> <span class='ocrx_word' id='word_1_35' title='bbox 898 935 966 1012; x_wconf 94' lang='lat' dir='ltr'><strong>(per</strong></span> <span class='ocrx_word' id='word_1_36' title='bbox 992 929 1201 993; x_wconf 89' lang='lat' dir='ltr'><strong>Corollarium</strong></span> <span class='ocrx_word' id='word_1_37' title='bbox 1228 929 1323 1012; x_wconf 90' lang='lat' dir='ltr'><strong>Prop.</strong></span> <span class='ocrx_word' id='word_1_38' title='bbox 1348 928 1461 1008; x_wconf 79' lang='lat' dir='ltr'><strong>XIX.)</strong></span> 
     </span>
     <span class='ocr_line' id='line_1_6' title="bbox 172 1034 1461 1123; baseline 0 -23"><span class='ocrx_word' id='word_1_39' title='bbox 172 1037 257 1123; x_wconf 94' lang='lat' dir='ltr'><strong>quod</strong></span> <span class='ocrx_word' id='word_1_40' title='bbox 271 1056 338 1098; x_wconf 92' lang='lat' dir='ltr'><strong>non</strong></span> <span class='ocrx_word' id='word_1_41' title='bbox 351 1034 517 1097; x_wconf 85' lang='lat' dir='ltr'><strong>mutabunt</strong></span> <span class='ocrx_word' id='word_1_42' title='bbox 538 1035 631 1098; x_wconf 92' lang='lat' dir='ltr'><strong>situm</strong></span> <span class='ocrx_word' id='word_1_43' title='bbox 652 1037 788 1119; x_wconf 86' lang='lat' dir='ltr'><strong>partium</strong></span> <span class='ocrx_word' id='word_1_44' title='bbox 809 1037 1004 1103; x_wconf 84' lang='lat' dir='ltr'><strong>internarum</strong></span> <span class='ocrx_word' id='word_1_45' title='bbox 1024 1037 1106 1100; x_wconf 85' lang='lat' dir='ltr'><strong>inter</strong></span> <span class='ocrx_word' id='word_1_46' title='bbox 1127 1059 1178 1100; x_wconf 85' lang='lat' dir='ltr'><strong>se:</strong></span> <span class='ocrx_word' id='word_1_47' title='bbox 1204 1038 1410 1122; x_wconf 87' lang='lat' dir='ltr'>proindeque,</span> <span class='ocrx_word' id='word_1_48' title='bbox 1434 1041 1461 1100; x_wconf 90' lang='lat' dir='ltr'><strong>si</strong></span> 
     </span>
     <span class='ocr_line' id='line_1_7' title="bbox 171 1143 1458 1230; baseline 0 -20"><span class='ocrx_word' id='word_1_49' title='bbox 171 1145 317 1210; x_wconf 73' lang='lat' dir='ltr'><strong>emmelis</strong></span> <span class='ocrx_word' id='word_1_50' title='bbox 335 1143 569 1230; x_wconf 80' lang='lat' dir='ltr'><strong>immergantur,</strong></span> <span class='ocrx_word' id='word_1_51' title='bbox 597 1156 628 1207; x_wconf 91' lang='lat' dir='ltr'><strong>et</strong></span> <span class='ocrx_word' id='word_1_52' title='bbox 650 1146 784 1208; x_wconf 87' lang='lat' dir='ltr'><strong>sensatio</strong></span> <span class='ocrx_word' id='word_1_53' title='bbox 806 1145 907 1207; x_wconf 90' lang='lat' dir='ltr'><strong>omnis</strong></span> <span class='ocrx_word' id='word_1_54' title='bbox 929 1169 949 1208; x_wconf 87' lang='lat' dir='ltr'><strong>a</strong></span> <span class='ocrx_word' id='word_1_55' title='bbox 969 1157 1056 1208; x_wconf 91' lang='lat' dir='ltr'><strong>motu</strong></span> <span class='ocrx_word' id='word_1_56' title='bbox 1077 1147 1214 1229; x_wconf 89' lang='lat' dir='ltr'><strong>partium</strong></span> <span class='ocrx_word' id='word_1_57' title='bbox 1236 1148 1355 1210; x_wconf 89' lang='lat' dir='ltr'><strong>oriatur</strong></span> <span class='ocrx_word' id='word_1_58' title='bbox 1362 1171 1371 1222; x_wconf 91' lang='lat'>;</span> <span class='ocrx_word' id='word_1_59' title='bbox 1399 1169 1458 1210; x_wconf 89' lang='lat' dir='ltr'><strong>nec</strong></span> 
     </span>
     <span class='ocr_line' id='line_1_8' title="bbox 170 1254 1458 1341; baseline 0 -23"><span class='ocrx_word' id='word_1_60' title='bbox 170 1255 288 1318; x_wconf 84' lang='lat' dir='ltr'><strong>laedent</strong></span> <span class='ocrx_word' id='word_1_61' title='bbox 302 1276 435 1338; x_wconf 87' lang='lat' dir='ltr'><strong>corpora</strong></span> <span class='ocrx_word' id='word_1_62' title='bbox 448 1255 603 1333; x_wconf 89' lang='lat' dir='ltr'><strong>immersa,</strong></span> <span class='ocrx_word' id='word_1_63' title='bbox 619 1276 679 1318; x_wconf 90' lang='lat' dir='ltr'><strong>nec</strong></span> <span class='ocrx_word' id='word_1_64' title='bbox 693 1256 900 1318; x_wconf 85' lang='lat' dir='ltr'><strong>sensationem</strong></span> <span class='ocrx_word' id='word_1_65' title='bbox 914 1255 1010 1318; x_wconf 83' lang='lat' dir='ltr'><strong>ullam</strong></span> <span class='ocrx_word' id='word_1_66' title='bbox 1024 1255 1216 1332; x_wconf 87' lang='lat' dir='ltr'><strong>excitabunt,</strong></span> <span class='ocrx_word' id='word_1_67' title='bbox 1232 1256 1291 1319; x_wconf 90' lang='lat' dir='ltr'><strong>nisi</strong></span> <span class='ocrx_word' id='word_1_68' title='bbox 1306 1254 1458 1341; x_wconf 76' lang='lat' dir='ltr'><strong>quitenus</strong></span> 
     </span>
     <span class='ocr_line' id='line_1_9' title="bbox 169 1361 1458 1446; baseline 0 -20"><span class='ocrx_word' id='word_1_69' title='bbox 169 1363 238 1427; x_wconf 84' lang='lat' dir='ltr'><strong>haec</strong></span> <span class='ocrx_word' id='word_1_70' title='bbox 254 1383 388 1446; x_wconf 89' lang='lat' dir='ltr'><strong>corpora</strong></span> <span class='ocrx_word' id='word_1_71' title='bbox 402 1384 421 1423; x_wconf 91' lang='lat' dir='ltr'><strong>a</strong></span> <span class='ocrx_word' id='word_1_72' title='bbox 435 1361 665 1444; x_wconf 80' lang='lat' dir='ltr'><strong>compressione</strong></span> <span class='ocrx_word' id='word_1_73' title='bbox 687 1362 872 1426; x_wconf 87' lang='lat' dir='ltr'><strong>condensari</strong></span> <span class='ocrx_word' id='word_1_74' title='bbox 885 1373 1024 1445; x_wconf 86' lang='lat' dir='ltr'><strong>possunt.</strong></span> <span class='ocrx_word' id='word_1_75' title='bbox 1071 1361 1115 1425; x_wconf 89' lang='lat' dir='ltr'><strong>Et</strong></span> <span class='ocrx_word' id='word_1_76' title='bbox 1128 1383 1186 1444; x_wconf 87' lang='lat' dir='ltr'><strong>par</strong></span> <span class='ocrx_word' id='word_1_77' title='bbox 1201 1373 1248 1425; x_wconf 90' lang='lat' dir='ltr'><strong>est</strong></span> <span class='ocrx_word' id='word_1_78' title='bbox 1261 1362 1341 1425; x_wconf 87' lang='lat' dir='ltr'><strong>ratio</strong></span> <span class='ocrx_word' id='word_1_79' title='bbox 1356 1363 1458 1446; x_wconf 88' lang='lat' dir='ltr'><strong>cujus-</strong></span> 
     </span>
     <span class='ocr_line' id='line_1_10' title="bbox 171 1467 1457 1554; baseline 0 -21"><span class='ocrx_word' id='word_1_80' title='bbox 171 1489 294 1554; x_wconf 90' lang='lat' dir='ltr'><strong>cunque</strong></span> <span class='ocrx_word' id='word_1_81' title='bbox 310 1489 478 1552; x_wconf 88' lang='lat' dir='ltr'><strong>corporum</strong></span> <span class='ocrx_word' id='word_1_82' title='bbox 492 1467 667 1552; x_wconf 77' lang='lat' dir='ltr'><strong>systematis</strong></span> <span class='ocrx_word' id='word_1_83' title='bbox 681 1467 784 1530; x_wconf 67' lang='lat' dir='ltr'><strong>fluido*</strong></span> <span class='ocrx_word' id='word_1_84' title='bbox 801 1467 1025 1550; x_wconf 89' lang='lat' dir='ltr'><strong>comprimente</strong></span> <span class='ocrx_word' id='word_1_85' title='bbox 1047 1467 1230 1531; x_wconf 87' lang='lat' dir='ltr'><strong>circundati.</strong></span> <span class='ocrx_word' id='word_1_86' title='bbox 1276 1469 1457 1554; x_wconf 87' lang='lat' dir='ltr'><strong>Systematis</strong></span> 
     </span>
     <span class='ocr_line' id='line_1_11' title="bbox 169 1573 1455 1662; baseline -0.003 -20"><span class='ocrx_word' id='word_1_87' title='bbox 169 1590 273 1662; x_wconf 87' lang='lat' dir='ltr'><strong>partes</strong></span> <span class='ocrx_word' id='word_1_88' title='bbox 288 1598 397 1638; x_wconf 91' lang='lat' dir='ltr'><strong>omnes</strong></span> <span class='ocrx_word' id='word_1_89' title='bbox 410 1573 522 1638; x_wconf 90' lang='lat' dir='ltr'><strong>iisdem</strong></span> <span class='ocrx_word' id='word_1_90' title='bbox 536 1573 736 1660; x_wconf 72' lang='lat' dir='ltr'><strong>agitabuntur</strong></span> <span class='ocrx_word' id='word_1_91' title='bbox 757 1574 903 1649; x_wconf 91' lang='lat' dir='ltr'><strong>motibus,</strong></span> <span class='ocrx_word' id='word_1_92' title='bbox 928 1595 965 1636; x_wconf 86' lang='lat' dir='ltr'><strong>ac</strong></span> <span class='ocrx_word' id='word_1_93' title='bbox 979 1573 1005 1636; x_wconf 89' lang='lat' dir='ltr'><strong>si</strong></span> <span class='ocrx_word' id='word_1_94' title='bbox 1019 1574 1052 1634; x_wconf 93' lang='lat' dir='ltr'><strong>in</strong></span> <span class='ocrx_word' id='word_1_95' title='bbox 1067 1595 1164 1636; x_wconf 83' lang='lat' dir='ltr'><strong>vacuo</strong></span> <span class='ocrx_word' id='word_1_96' title='bbox 1186 1574 1455 1654; x_wconf 88' lang='lat' dir='ltr'><strong>constituerentur,</strong></span> 
     </span>
     <span class='ocr_line' id='line_1_12' title="bbox 170 1680 1455 1767; baseline 0 -21"><span class='ocrx_word' id='word_1_97' title='bbox 170 1706 206 1746; x_wconf 91' lang='lat' dir='ltr'><strong>ac</strong></span> <span class='ocrx_word' id='word_1_98' title='bbox 220 1683 320 1746; x_wconf 87' lang='lat' dir='ltr'><strong>solem</strong></span> <span class='ocrx_word' id='word_1_99' title='bbox 332 1683 503 1746; x_wconf 86' lang='lat' dir='ltr'><strong>retinerent</strong></span> <span class='ocrx_word' id='word_1_100' title='bbox 516 1681 700 1767; x_wconf 85' lang='lat' dir='ltr'><strong>gravitatem</strong></span> <span class='ocrx_word' id='word_1_101' title='bbox 714 1703 802 1744; x_wconf 88' lang='lat' dir='ltr'><strong>suam</strong></span> <span class='ocrx_word' id='word_1_102' title='bbox 817 1680 1069 1762; x_wconf 82' lang='lat' dir='ltr'><strong>comparativam,</strong></span> <span class='ocrx_word' id='word_1_103' title='bbox 1084 1681 1145 1744; x_wconf 91' lang='lat' dir='ltr'><strong>nisi</strong></span> <span class='ocrx_word' id='word_1_104' title='bbox 1156 1680 1309 1765; x_wconf 77' lang='lat' dir='ltr'><strong>quitenus</strong></span> <span class='ocrx_word' id='word_1_105' title='bbox 1323 1683 1455 1746; x_wconf 88' lang='lat' dir='ltr'><strong>fluidum</strong></span> 
     </span>
    </p>
   </div>
   <div class='ocr_carea' id='block_1_3' title="bbox 168 1784 1571 1878">
    <p class='ocr_par' dir='ltr' id='par_1_4' title="bbox 168 1784 1571 1878">
     <span class='ocr_line' id='line_1_13' title="bbox 168 1784 1571 1878; baseline -0.006 -26"><span class='ocrx_word' id='word_1_106' title='bbox 168 1791 218 1854; x_wconf 81' lang='lat' dir='ltr'><strong>vel</strong></span> <span class='ocrx_word' id='word_1_107' title='bbox 231 1789 368 1852; x_wconf 87' lang='lat' dir='ltr'><strong>motibus</strong></span> <span class='ocrx_word' id='word_1_108' title='bbox 383 1809 491 1851; x_wconf 84' lang='lat' dir='ltr'><strong>earum</strong></span> <span class='ocrx_word' id='word_1_109' title='bbox 504 1785 647 1850; x_wconf 90' lang='lat' dir='ltr'><strong>nonnihil</strong></span> <span class='ocrx_word' id='word_1_110' title='bbox 667 1786 798 1862; x_wconf 80' lang='lat' dir='ltr'><strong>resistat,</strong></span> <span class='ocrx_word' id='word_1_111' title='bbox 821 1785 870 1849; x_wconf 85' lang='lat' dir='ltr'><strong>vel</strong></span> <span class='ocrx_word' id='word_1_112' title='bbox 885 1784 926 1848; x_wconf 85' lang='lat' dir='ltr'><strong>ad</strong></span> <span class='ocrx_word' id='word_1_113' title='bbox 941 1785 1066 1850; x_wconf 84' lang='lat' dir='ltr'><strong>easdem</strong></span> <span class='ocrx_word' id='word_1_114' title='bbox 1081 1787 1310 1874; x_wconf 86' lang='lat' dir='ltr'><strong>compressione</strong></span> <span class='ocrx_word' id='word_1_115' title='bbox 1325 1791 1455 1878; x_wconf 83' lang='lat' dir='ltr'><strong>conglu.</strong></span> <span class='ocrx_word' id='word_1_116' title='bbox 1569 1816 1571 1820; x_wconf 32' lang='grc' dir='ltr'><em>ν</em></span> 
     </span>
    </p>
   </div>
   <div class='ocr_carea' id='block_1_4' title="bbox 172 1890 515 1980">
    <p class='ocr_par' dir='ltr' id='par_1_5' title="bbox 172 1890 515 1980">
     <span class='ocr_line' id='line_1_14' title="bbox 172 1890 515 1980; baseline -0.015 -19"><span class='ocrx_word' id='word_1_117' title='bbox 172 1890 317 1962; x_wconf 74' lang='lat' dir='ltr'><strong>tinandtis.</strong></span> <span class='ocrx_word' id='word_1_118' title='bbox 331 1895 515 1980; x_wconf 88' lang='lat' dir='ltr'><strong>requiratur.</strong></span> 
     </span>
    </p>
   </div>
   <div class='ocr_carea' id='block_1_5' title="bbox 391 2115 1234 2184">
    <p class='ocr_par' dir='ltr' id='par_1_6' title="bbox 391 2115 1234 2184">
     <span class='ocr_line' id='line_1_15' title="bbox 391 2115 1234 2184; baseline -0.008 0"><span class='ocrx_word' id='word_1_119' title='bbox 391 2118 675 2184; x_wconf 88' lang='lat' dir='ltr'><strong>PROPOSITIO</strong></span> <span class='ocrx_word' id='word_1_120' title='bbox 697 2116 797 2182; x_wconf 88' lang='lat' dir='ltr'><strong>XXI.</strong></span> <span class='ocrx_word' id='word_1_121' title='bbox 842 2115 1114 2181; x_wconf 84' lang='lat' dir='ltr'><strong>THEOREMA</strong></span> <span class='ocrx_word' id='word_1_122' title='bbox 1140 2116 1234 2180; x_wconf 92' lang='lat' dir='ltr'><strong>XVI.</strong></span> 
     </span>
    </p>
   </div>
   <div class='ocr_carea' id='block_1_6' title="bbox 168 2290 1456 2598">
    <p class='ocr_par' dir='ltr' id='par_1_7' title="bbox 168 2290 1456 2598">
     <span class='ocr_line' id='line_1_16' title="bbox 168 2290 1456 2386; baseline -0.008 -22"><span class='ocrx_word' id='word_1_123' title='bbox 168 2301 319 2386; x_wconf 78' lang='lat' dir='ltr'><strong>Sitfluidi</strong></span> <span class='ocrx_word' id='word_1_124' title='bbox 339 2300 488 2383; x_wconf 85' lang='lat' dir='ltr'><strong>cujusdam</strong></span> <span class='ocrx_word' id='word_1_125' title='bbox 510 2301 642 2362; x_wconf 80' lang='lat' dir='ltr'><strong>densitas</strong></span> <span class='ocrx_word' id='word_1_126' title='bbox 662 2297 871 2379; x_wconf 87' lang='lat' dir='ltr'><strong>compressioni</strong></span> <span class='ocrx_word' id='word_1_127' title='bbox 886 2290 1136 2376; x_wconf 65' lang='lat' dir='ltr'><strong>proportionalia,</strong></span> <span class='ocrx_word' id='word_1_128' title='bbox 1155 2302 1184 2354; x_wconf 90' lang='lat' dir='ltr'><strong>et</strong></span> <span class='ocrx_word' id='word_1_129' title='bbox 1192 2300 1300 2374; x_wconf 88' lang='lat' dir='ltr'><strong>partes</strong></span> <span class='ocrx_word' id='word_1_130' title='bbox 1314 2291 1373 2374; x_wconf 82' lang='lat' dir='ltr'><strong>ejus</strong></span> <span class='ocrx_word' id='word_1_131' title='bbox 1388 2315 1408 2353; x_wconf 92' lang='lat' dir='ltr'><strong>a</strong></span> <span class='ocrx_word' id='word_1_132' title='bbox 1423 2295 1456 2355; x_wconf 82' lang='lat' dir='ltr'><strong>oi</strong></span> 
     </span>
     <span class='ocr_line' id='line_1_17' title="bbox 210 2401 1452 2491; baseline -0.007 -19"><span class='ocrx_word' id='word_1_133' title='bbox 210 2408 378 2491; x_wconf 78' lang='lat' dir='ltr'><strong>centripetd</strong></span> <span class='ocrx_word' id='word_1_134' title='bbox 393 2411 547 2472; x_wconf 83' lang='lat' dir='ltr'><strong>distantiis</strong></span> <span class='ocrx_word' id='word_1_135' title='bbox 560 2410 620 2470; x_wconf 85' lang='lat' dir='ltr'><strong>sais</strong></span> <span class='ocrx_word' id='word_1_136' title='bbox 634 2430 655 2469; x_wconf 90' lang='lat' dir='ltr'><strong>a</strong></span> <span class='ocrx_word' id='word_1_137' title='bbox 669 2417 769 2470; x_wconf 87' lang='lat' dir='ltr'><strong>centro</strong></span> <span class='ocrx_word' id='word_1_138' title='bbox 777 2401 926 2485; x_wconf 74' lang='lat' dir='ltr'><strong>reciproci</strong></span> <span class='ocrx_word' id='word_1_139' title='bbox 934 2405 1163 2483; x_wconf 78' lang='lat' dir='ltr'><strong>proportionali</strong></span> <span class='ocrx_word' id='word_1_140' title='bbox 1177 2403 1310 2464; x_wconf 80' lang='lat' dir='ltr'><strong>deorsam</strong></span> <span class='ocrx_word' id='word_1_141' title='bbox 1325 2403 1452 2463; x_wconf 62' lang='lat' dir='ltr'><strong>tralata</strong></span> 
     </span>
     <span class='ocr_line' id='line_1_18' title="bbox 209 2503 1452 2598; baseline -0.008 -20"><span class='ocrx_word' id='word_1_142' title='bbox 209 2527 282 2578; x_wconf 83' lang='lat' dir='ltr'><strong>tar:</strong></span> <span class='ocrx_word' id='word_1_143' title='bbox 305 2519 372 2578; x_wconf 87' lang='lat' dir='ltr'><strong>dico</strong></span> <span class='ocrx_word' id='word_1_144' title='bbox 386 2519 473 2598; x_wconf 81' lang='lat' dir='ltr'><strong>qnod,</strong></span> <span class='ocrx_word' id='word_1_145' title='bbox 496 2517 524 2579; x_wconf 91' lang='lat' dir='ltr'><strong>si</strong></span> <span class='ocrx_word' id='word_1_146' title='bbox 538 2515 693 2577; x_wconf 76' lang='lat' dir='ltr'><strong>distantia</strong></span> <span class='ocrx_word' id='word_1_147' title='bbox 708 2515 770 2574; x_wconf 82' lang='lat' dir='ltr'><strong>illae</strong></span> <span class='ocrx_word' id='word_1_148' title='bbox 784 2519 939 2574; x_wconf 71' lang='lat' dir='ltr'><strong>armantur</strong></span> <span class='ocrx_word' id='word_1_149' title='bbox 953 2503 1090 2570; x_wconf 74' lang='lat' dir='ltr'><strong>continui</strong></span> <span class='ocrx_word' id='word_1_150' title='bbox 1103 2507 1356 2587; x_wconf 85' lang='lat' dir='ltr'><strong>proportionales,</strong></span> <span class='ocrx_word' id='word_1_151' title='bbox 1380 2509 1452 2568; x_wconf 85' lang='lat' dir='ltr'><strong>den-</strong></span> 
     </span>
    </p>
   </div>
   <div class='ocr_carea' id='block_1_7' title="bbox 210 2608 1370 2710">
    <p class='ocr_par' dir='ltr' id='par_1_8' title="bbox 210 2608 1370 2710">
     <span class='ocr_line' id='line_1_19' title="bbox 210 2608 1370 2710; baseline -0.012 -20"><span class='ocrx_word' id='word_1_152' title='bbox 210 2627 314 2690; x_wconf 88' lang='lat' dir='ltr'><strong>sitates</strong></span> <span class='ocrx_word' id='word_1_153' title='bbox 314 2626 416 2710; x_wconf 85' lang='lat' dir='ltr'><strong>fluidi</strong></span> <span class='ocrx_word' id='word_1_154' title='bbox 431 2626 464 2686; x_wconf 84' lang='lat' dir='ltr'><strong>io</strong></span> <span class='ocrx_word' id='word_1_155' title='bbox 478 2625 583 2686; x_wconf 87' lang='lat' dir='ltr'><strong>iisdem</strong></span> <span class='ocrx_word' id='word_1_156' title='bbox 598 2621 752 2683; x_wconf 83' lang='lat' dir='ltr'><strong>distantiis</strong></span> <span class='ocrx_word' id='word_1_157' title='bbox 766 2626 853 2680; x_wconf 76' lang='lat' dir='ltr'><strong>erum</strong></span> <span class='ocrx_word' id='word_1_158' title='bbox 868 2617 958 2678; x_wconf 82' lang='lat' dir='ltr'><strong>etiarn</strong></span> <span class='ocrx_word' id='word_1_159' title='bbox 973 2608 1110 2676; x_wconf 72' lang='lat' dir='ltr'><strong>continui</strong></span> <span class='ocrx_word' id='word_1_160' title='bbox 1118 2611 1370 2694; x_wconf 82' lang='lat' dir='ltr'><strong>proportionales.</strong></span> 
     </span>
    </p>
   </div>
   <div class='ocr_carea' id='block_1_8' title="bbox 166 2810 1024 3567">
    <p class='ocr_par' dir='ltr' id='par_1_9' title="bbox 166 2810 1024 3434">
     <span class='ocr_line' id='line_1_20' title="bbox 211 2810 1023 2907; baseline -0.012 -24"><span class='ocrx_word' id='word_1_161' title='bbox 211 2820 366 2907; x_wconf 87' lang='lat' dir='ltr'><strong>Desiguet</strong></span> <span class='ocrx_word' id='word_1_162' title='bbox 377 2815 629 2882; x_wconf 86' lang='lat' dir='ltr'><strong>ATVfundum</strong></span> <span class='ocrx_word' id='word_1_163' title='bbox 640 2814 826 2897; x_wconf 86' lang='lat' dir='ltr'><strong>sphaericum</strong></span> <span class='ocrx_word' id='word_1_164' title='bbox 836 2814 886 2876; x_wconf 93' lang='lat' dir='ltr'><strong>cui</strong></span> <span class='ocrx_word' id='word_1_165' title='bbox 894 2810 1023 2874; x_wconf 87' lang='lat' dir='ltr'><strong>fluidum</strong></span> 
     </span>
     <span class='ocr_line' id='line_1_21' title="bbox 166 2919 1024 3004; baseline -0.009 -15"><span class='ocrx_word' id='word_1_166' title='bbox 166 2928 327 3004; x_wconf 87' lang='lat' dir='ltr'><strong>incumbit,</strong></span> <span class='ocrx_word' id='word_1_167' title='bbox 346 2928 369 2991; x_wconf 91' lang='lat' dir='ltr'>S</span> <span class='ocrx_word' id='word_1_168' title='bbox 384 2937 534 3002; x_wconf 90' lang='lat' dir='ltr'><strong>centrum,</strong></span> <span class='ocrx_word' id='word_1_169' title='bbox 553 2924 576 2989; x_wconf 88' lang='lat' dir='ltr'>S</span> <span class='ocrx_word' id='word_1_170' title='bbox 592 2923 632 3001; x_wconf 89' lang='lat' dir='ltr'><strong>A,</strong></span> <span class='ocrx_word' id='word_1_171' title='bbox 654 2923 676 2985; x_wconf 90' lang='lat' dir='ltr'>S</span> <span class='ocrx_word' id='word_1_172' title='bbox 692 2924 731 2999; x_wconf 92' lang='lat' dir='ltr'><strong>B,</strong></span> <span class='ocrx_word' id='word_1_173' title='bbox 750 2923 772 2986; x_wconf 90' lang='lat' dir='ltr'>S</span> <span class='ocrx_word' id='word_1_174' title='bbox 788 2922 826 2997; x_wconf 90' lang='lat' dir='ltr'><strong>C,</strong></span> <span class='ocrx_word' id='word_1_175' title='bbox 845 2921 924 2995; x_wconf 88' lang='lat' dir='ltr'><strong>SD,</strong></span> <span class='ocrx_word' id='word_1_176' title='bbox 943 2922 966 2985; x_wconf 87' lang='lat' dir='ltr'>S</span> <span class='ocrx_word' id='word_1_177' title='bbox 982 2919 1024 2994; x_wconf 89' lang='lat' dir='ltr'><strong>E,</strong></span> 
     </span>
     <span class='ocr_line' id='line_1_22' title="bbox 169 3024 1020 3111; baseline -0.015 -13"><span class='ocrx_word' id='word_1_178' title='bbox 169 3037 192 3098; x_wconf 89' lang='lat' dir='ltr'>S</span> <span class='ocrx_word' id='word_1_179' title='bbox 220 3036 256 3111; x_wconf 85' lang='lat' dir='ltr'><strong>F,</strong></span> <span class='ocrx_word' id='word_1_180' title='bbox 295 3038 352 3099; x_wconf 79' lang='lat' dir='ltr'><strong>&amp;a</strong></span> <span class='ocrx_word' id='word_1_181' title='bbox 389 3032 549 3097; x_wconf 86' lang='lat' dir='ltr'><strong>distantias</strong></span> <span class='ocrx_word' id='word_1_182' title='bbox 586 3028 732 3093; x_wconf 72' lang='lat' dir='ltr'><strong>continue</strong></span> <span class='ocrx_word' id='word_1_183' title='bbox 762 3024 1020 3110; x_wconf 85' lang='lat' dir='ltr'><strong>proportionales.</strong></span> 
     </span>
     <span class='ocr_line' id='line_1_23' title="bbox 170 3130 1022 3225; baseline -0.013 -22"><span class='ocrx_word' id='word_1_184' title='bbox 170 3140 342 3225; x_wconf 85' lang='lat' dir='ltr'><strong>Erigantur</strong></span> <span class='ocrx_word' id='word_1_185' title='bbox 365 3136 586 3224; x_wconf 82' lang='lat' dir='ltr'><strong>perpendicula</strong></span> <span class='ocrx_word' id='word_1_186' title='bbox 608 3138 640 3200; x_wconf 91' lang='lat' dir='ltr'>A</span> <span class='ocrx_word' id='word_1_187' title='bbox 657 3136 703 3211; x_wconf 92' lang='lat' dir='ltr'><strong>H,</strong></span> <span class='ocrx_word' id='word_1_188' title='bbox 729 3135 758 3199; x_wconf 91' lang='lat' dir='ltr'>B</span> <span class='ocrx_word' id='word_1_189' title='bbox 777 3135 803 3210; x_wconf 92' lang='grc' dir='ltr'><strong>Ι,</strong></span> <span class='ocrx_word' id='word_1_190' title='bbox 829 3133 857 3196; x_wconf 89' lang='lat' dir='ltr'>C</span> <span class='ocrx_word' id='word_1_191' title='bbox 875 3132 916 3208; x_wconf 92' lang='lat' dir='ltr'><strong>K,</strong></span> <span class='ocrx_word' id='word_1_192' title='bbox 934 3132 966 3193; x_wconf 94' lang='lat' dir='ltr'>D</span> <span class='ocrx_word' id='word_1_193' title='bbox 982 3130 1022 3206; x_wconf 92' lang='lat' dir='ltr'><strong>L,</strong></span> 
     </span>
     <span class='ocr_line' id='line_1_24' title="bbox 167 3235 1024 3332; baseline -0.019 -21"><span class='ocrx_word' id='word_1_194' title='bbox 167 3246 198 3311; x_wconf 77' lang='lat' dir='ltr'><strong>E</strong></span> <span class='ocrx_word' id='word_1_195' title='bbox 215 3246 265 3324; x_wconf 94' lang='lat' dir='ltr'><strong>M,</strong></span> <span class='ocrx_word' id='word_1_196' title='bbox 282 3248 310 3310; x_wconf 90' lang='lat' dir='ltr'>F</span> <span class='ocrx_word' id='word_1_197' title='bbox 325 3248 367 3323; x_wconf 92' lang='lat' dir='ltr'><strong>N,</strong></span> <span class='ocrx_word' id='word_1_198' title='bbox 392 3250 448 3311; x_wconf 81' lang='lat' dir='ltr'><strong>&amp;a</strong></span> <span class='ocrx_word' id='word_1_199' title='bbox 472 3268 541 3332; x_wconf 90' lang='lat' dir='ltr'><strong>quae</strong></span> <span class='ocrx_word' id='word_1_200' title='bbox 557 3245 619 3309; x_wconf 91' lang='lat' dir='ltr'><strong>sint</strong></span> <span class='ocrx_word' id='word_1_201' title='bbox 632 3255 668 3306; x_wconf 92' lang='lat' dir='ltr'><strong>ut</strong></span> <span class='ocrx_word' id='word_1_202' title='bbox 683 3240 849 3305; x_wconf 88' lang='lat' dir='ltr'><strong>densitates</strong></span> <span class='ocrx_word' id='word_1_203' title='bbox 875 3235 970 3298; x_wconf 90' lang='lat' dir='ltr'><strong>medii</strong></span> <span class='ocrx_word' id='word_1_204' title='bbox 990 3235 1024 3296; x_wconf 94' lang='lat' dir='ltr'><strong>in</strong></span> 
     </span>
     <span class='ocr_line' id='line_1_25' title="bbox 168 3344 1023 3434; baseline -0.013 -18"><span class='ocrx_word' id='word_1_205' title='bbox 168 3354 244 3417; x_wconf 87' lang='lat' dir='ltr'><strong>iocis</strong></span> <span class='ocrx_word' id='word_1_206' title='bbox 260 3356 302 3431; x_wconf 92' lang='lat' dir='ltr'><strong>A,</strong></span> <span class='ocrx_word' id='word_1_207' title='bbox 320 3356 358 3432; x_wconf 91' lang='lat' dir='ltr'><strong>B,</strong></span> <span class='ocrx_word' id='word_1_208' title='bbox 377 3355 414 3432; x_wconf 86' lang='lat' dir='ltr'><strong>C,</strong></span> <span class='ocrx_word' id='word_1_209' title='bbox 431 3355 474 3429; x_wconf 95' lang='lat' dir='ltr'><strong>D,</strong></span> <span class='ocrx_word' id='word_1_210' title='bbox 492 3354 531 3429; x_wconf 90' lang='lat' dir='ltr'><strong>E,</strong></span> <span class='ocrx_word' id='word_1_211' title='bbox 549 3352 593 3428; x_wconf 85' lang='lat' dir='ltr'><strong>F;</strong></span> <span class='ocrx_word' id='word_1_212' title='bbox 617 3352 656 3434; x_wconf 59' lang='grc' dir='ltr'><strong>(ὅ)</strong></span> <span class='ocrx_word' id='word_1_213' title='bbox 674 3361 705 3413; x_wconf 87' lang='lat' dir='ltr'><strong>et</strong></span> <span class='ocrx_word' id='word_1_214' title='bbox 720 3348 874 3433; x_wconf 87' lang='lat' dir='ltr'><strong>specificae</strong></span> <span class='ocrx_word' id='word_1_215' title='bbox 888 3344 1023 3432; x_wconf 83' lang='lat' dir='ltr'><strong>gravita-</strong></span> 
     </span>
    </p>

    <p class='ocr_par' dir='ltr' id='par_1_10' title="bbox 624 3453 1022 3567">
     <span class='ocr_line' id='line_1_26' title="bbox 624 3453 1022 3567; baseline -0.015 -47"><span class='ocrx_word' id='word_1_216' title='bbox 624 3457 655 3520; x_wconf 99' lang='lat' dir='ltr'><strong>A</strong></span> <span class='ocrx_word' id='word_1_217' title='bbox 672 3456 708 3519; x_wconf 93' lang='lat' dir='ltr'>H</span> <span class='ocrx_word' id='word_1_218' title='bbox 752 3456 781 3519; x_wconf 91' lang='lat' dir='ltr'>B</span> <span class='ocrx_word' id='word_1_219' title='bbox 797 3456 815 3517; x_wconf 97' lang='lat' dir='ltr'><strong>I</strong></span> <span class='ocrx_word' id='word_1_220' title='bbox 854 3453 943 3567; x_wconf 52' lang='lat' dir='ltr'><strong>Q,</strong></span> <span class='ocrx_word' id='word_1_221' title='bbox 965 3491 1022 3553; x_wconf 43' lang='lat' dir='ltr'><strong>&amp;a</strong></span> 
     </span>
    </p>
   </div>
   <div class='ocr_carea' id='block_1_9' title="bbox 166 3497 934 3622">
    <p class='ocr_par' dir='ltr' id='par_1_11' title="bbox 166 3497 934 3622">
     <span class='ocr_line' id='line_1_27' title="bbox 166 3497 934 3622; baseline 0.001 -59"><span class='ocrx_word' id='word_1_222' title='bbox 166 3497 613 3563; x_wconf 88' lang='lat' dir='ltr'><strong>tesiniisdemlociseruntut</strong></span> <span class='ocrx_word' id='word_1_223' title='bbox 631 3540 719 3622; x_wconf 53' lang='lat' dir='ltr'><strong>H,</strong></span> <span class='ocrx_word' id='word_1_224' title='bbox 750 3537 826 3621; x_wconf 64' lang='lat' dir='ltr'><strong>-B-S,</strong></span> <span class='ocrx_word' id='word_1_225' title='bbox 859 3554 887 3617; x_wconf 76' lang='lat' dir='ltr'>C</span> <span class='ocrx_word' id='word_1_226' title='bbox 912 3556 934 3619; x_wconf 75' lang='lat' dir='ltr'>S</span> 
     </span>
    </p>
   </div>
   <div class='ocr_carea' id='block_1_10' title="bbox 167 3657 1027 3828">
    <p class='ocr_par' dir='ltr' id='par_1_12' title="bbox 167 3657 1027 3828">
     <span class='ocr_line' id='line_1_28' title="bbox 167 3657 1027 3828; baseline -0.017 -54"><span class='ocrx_word' id='word_1_227' title='bbox 167 3707 208 3795; x_wconf 60' lang='lat' dir='ltr'><strong>(h)</strong></span> <span class='ocrx_word' id='word_1_228' title='bbox 230 3711 291 3787; x_wconf 88' lang='lat' dir='ltr'><strong>vel,</strong></span> <span class='ocrx_word' id='word_1_229' title='bbox 314 3709 399 3795; x_wconf 90' lang='lat' dir='ltr'><strong>quod</strong></span> <span class='ocrx_word' id='word_1_230' title='bbox 421 3707 552 3793; x_wconf 89' lang='lat' dir='ltr'><strong>perinde</strong></span> <span class='ocrx_word' id='word_1_231' title='bbox 567 3717 624 3783; x_wconf 85' lang='lat' dir='ltr'><strong>est,</strong></span> <span class='ocrx_word' id='word_1_232' title='bbox 637 3716 683 3803; x_wconf 37' lang='lat' dir='ltr'><strong>&#39;ut</strong></span> <span class='ocrx_word' id='word_1_233' title='bbox 705 3662 798 3828; x_wconf 42' lang='grc' dir='ltr'><strong>ἐξ,</strong></span> <span class='ocrx_word' id='word_1_234' title='bbox 828 3659 911 3826; x_wconf 44' lang='grc' dir='ltr'><strong>ἒξ),</strong></span> <span class='ocrx_word' id='word_1_235' title='bbox 940 3657 1027 3823; x_wconf 55' lang='grc' dir='ltr'><strong>ἓξ,</strong></span> 
     </span>
    </p>
   </div>
   <div class='ocr_carea' id='block_1_11' title="bbox 163 3869 1133 4182">
    <p class='ocr_par' dir='ltr' id='par_1_13' title="bbox 163 3869 1133 4182">
     <span class='ocr_line' id='line_1_29' title="bbox 166 3869 1026 3967; baseline -0.019 -21"><span class='ocrx_word' id='word_1_236' title='bbox 166 3884 225 3947; x_wconf 79' lang='lat' dir='ltr'><strong>&amp;e</strong></span> <span class='ocrx_word' id='word_1_237' title='bbox 272 3881 372 3967; x_wconf 88' lang='lat' dir='ltr'><strong>Finge</strong></span> <span class='ocrx_word' id='word_1_238' title='bbox 392 3878 532 3964; x_wconf 79' lang='lat' dir='ltr'><strong>primiim</strong></span> <span class='ocrx_word' id='word_1_239' title='bbox 557 3879 614 3941; x_wconf 85' lang='lat' dir='ltr'><strong>has</strong></span> <span class='ocrx_word' id='word_1_240' title='bbox 639 3875 806 3964; x_wconf 84' lang='lat' dir='ltr'><strong>gravitates</strong></span> <span class='ocrx_word' id='word_1_241' title='bbox 829 3869 1026 3965; x_wconf 88' lang='lat' dir='ltr'><strong>uniformiter</strong></span> 
     </span>
     <span class='ocr_line' id='line_1_30' title="bbox 164 3978 1018 4084; baseline -0.016 -31"><span class='ocrx_word' id='word_1_242' title='bbox 164 3989 342 4053; x_wconf 85' lang='lat' dir='ltr'><strong>continuari</strong></span> <span class='ocrx_word' id='word_1_243' title='bbox 356 3988 396 4051; x_wconf 87' lang='lat' dir='ltr'><strong>ab</strong></span> <span class='ocrx_word' id='word_1_244' title='bbox 418 3985 512 4051; x_wconf 75' lang='lat' dir='ltr'><strong>A&#39;ad</strong></span> <span class='ocrx_word' id='word_1_245' title='bbox 529 3985 568 4061; x_wconf 91' lang='lat' dir='ltr'><strong>B,</strong></span> <span class='ocrx_word' id='word_1_246' title='bbox 585 4008 604 4047; x_wconf 86' lang='lat' dir='ltr'><strong>a</strong></span> <span class='ocrx_word' id='word_1_247' title='bbox 619 3984 648 4048; x_wconf 93' lang='lat' dir='ltr'><strong>B</strong></span> <span class='ocrx_word' id='word_1_248' title='bbox 663 3984 705 4047; x_wconf 85' lang='lat' dir='ltr'><strong>ad</strong></span> <span class='ocrx_word' id='word_1_249' title='bbox 721 3982 759 4058; x_wconf 88' lang='lat' dir='ltr'><strong>C,</strong></span> <span class='ocrx_word' id='word_1_250' title='bbox 775 3978 1018 4084; x_wconf 30' lang='lat' dir='ltr'><strong>a‘Cadfflcc.</strong></span> 
     </span>
     <span class='ocr_line' id='line_1_31' title="bbox 163 4080 1133 4182; baseline -0.015 -23"><span class='ocrx_word' id='word_1_251' title='bbox 163 4096 257 4166; x_wconf 83' lang='lat' dir='ltr'><strong>factis</strong></span> <span class='ocrx_word' id='word_1_252' title='bbox 264 4118 322 4179; x_wconf 90' lang='lat' dir='ltr'><strong>per</strong></span> <span class='ocrx_word' id='word_1_253' title='bbox 332 4094 448 4182; x_wconf 86' lang='lat' dir='ltr'><strong>gradus</strong></span> <span class='ocrx_word' id='word_1_254' title='bbox 460 4092 664 4157; x_wconf 86' lang='lat' dir='ltr'><strong>decrementis</strong></span> <span class='ocrx_word' id='word_1_255' title='bbox 680 4091 713 4152; x_wconf 94' lang='lat' dir='ltr'><strong>in</strong></span> <span class='ocrx_word' id='word_1_256' title='bbox 727 4087 852 4173; x_wconf 90' lang='lat' dir='ltr'><strong>punctis</strong></span> <span class='ocrx_word' id='word_1_257' title='bbox 869 4085 908 4162; x_wconf 91' lang='lat' dir='ltr'><strong>B,</strong></span> <span class='ocrx_word' id='word_1_258' title='bbox 925 4086 962 4160; x_wconf 91' lang='lat' dir='ltr'><strong>C,</strong></span> <span class='ocrx_word' id='word_1_259' title='bbox 975 4084 1019 4161; x_wconf 93' lang='lat' dir='ltr'><strong>D,</strong></span> <span class='ocrx_word' id='word_1_260' title='bbox 1105 4080 1133 4128; x_wconf 77' lang='grc' dir='ltr'><strong>Τ</strong></span> 
     </span>
    </p>
   </div>
   <div class='ocr_carea' id='block_1_12' title="bbox 162 4265 1450 4713">
    <p class='ocr_par' dir='ltr' id='par_1_14' title="bbox 162 4265 1450 4525">
     <span class='ocr_line' id='line_1_32' title="bbox 167 4265 1449 4335; baseline 0.002 -19"><span class='ocrx_word' id='word_1_261' title='bbox 167 4274 171 4290; x_wconf 89' lang='lat'><em>¹</em></span> <span class='ocrx_word' id='word_1_262' title='bbox 198 4270 234 4335; x_wconf 66' lang='grc' dir='ltr'><strong>(ἢ</strong></span> <span class='ocrx_word' id='word_1_263' title='bbox 248 4275 301 4318; x_wconf 82' lang='lat'><strong>174.</strong></span> <span class='ocrx_word' id='word_1_264' title='bbox 321 4272 356 4319; x_wconf 82' lang='lat' dir='ltr'><strong>Et</strong></span> <span class='ocrx_word' id='word_1_265' title='bbox 371 4272 479 4335; x_wconf 63' lang='lat' dir='ltr'><strong>specifica</strong></span> <span class='ocrx_word' id='word_1_266' title='bbox 490 4272 619 4331; x_wconf 78' lang='lat' dir='ltr'><strong>gravitates,</strong></span> <span class='ocrx_word' id='word_1_267' title='bbox 635 4269 678 4315; x_wconf 75' lang='lat' dir='ltr'><strong>&amp;c-</strong></span> <span class='ocrx_word' id='word_1_268' title='bbox 714 4266 794 4314; x_wconf 87' lang='lat' dir='ltr'><strong>Fluidi</strong></span> <span class='ocrx_word' id='word_1_269' title='bbox 825 4266 855 4313; x_wconf 81' lang='lat' dir='ltr'><strong>tis</strong></span> <span class='ocrx_word' id='word_1_270' title='bbox 874 4265 1021 4313; x_wconf 84' lang='lat' dir='ltr'><strong>acceleratrix</strong></span> <span class='ocrx_word' id='word_1_271' title='bbox 1036 4266 1194 4327; x_wconf 88' lang='lat' dir='ltr'><strong>conjunctim;</strong></span> <span class='ocrx_word' id='word_1_272' title='bbox 1212 4271 1327 4331; x_wconf 81' lang='lat' dir='ltr'><strong>quantitas</strong></span> <span class='ocrx_word' id='word_1_273' title='bbox 1336 4268 1390 4317; x_wconf 82' lang='lat' dir='ltr'><strong>verd</strong></span> <span class='ocrx_word' id='word_1_274' title='bbox 1399 4286 1449 4320; x_wconf 78' lang='lat' dir='ltr'><strong>ma-</strong></span> 
     </span>
     <span class='ocr_line' id='line_1_33' title="bbox 162 4329 1450 4395; baseline 0 -13"><span class='ocrx_word' id='word_1_275' title='bbox 162 4335 230 4383; x_wconf 88' lang='lat' dir='ltr'><strong>enim</strong></span> <span class='ocrx_word' id='word_1_276' title='bbox 247 4335 316 4395; x_wconf 83' lang='lat' dir='ltr'><strong>cujus</strong></span> <span class='ocrx_word' id='word_1_277' title='bbox 332 4332 431 4394; x_wconf 77' lang='lat' dir='ltr'><strong>stnguiae</strong></span> <span class='ocrx_word' id='word_1_278' title='bbox 447 4332 565 4392; x_wconf 70' lang='lat' dir='ltr'><strong>particula</strong></span> <span class='ocrx_word' id='word_1_279' title='bbox 582 4332 606 4378; x_wconf 81' lang='lat' dir='ltr'><strong>vi</strong></span> <span class='ocrx_word' id='word_1_280' title='bbox 621 4331 739 4393; x_wconf 81' lang='lat' dir='ltr'><strong>gravitatis</strong></span> <span class='ocrx_word' id='word_1_281' title='bbox 754 4346 793 4377; x_wconf 84' lang='lat' dir='ltr'><strong>ur·</strong></span> <span class='ocrx_word' id='word_1_282' title='bbox 825 4329 889 4377; x_wconf 78' lang='lat' dir='ltr'><strong>tetiae</strong></span> <span class='ocrx_word' id='word_1_283' title='bbox 901 4333 935 4392; x_wconf 75' lang='lat'><strong>(2.</strong></span> <span class='ocrx_word' id='word_1_284' title='bbox 948 4330 1002 4377; x_wconf 90' lang='lat' dir='ltr'><strong>Lib.</strong></span> <span class='ocrx_word' id='word_1_285' title='bbox 1013 4329 1044 4389; x_wconf 90' lang='grc' dir='ltr'><strong>Ι.)</strong></span> <span class='ocrx_word' id='word_1_286' title='bbox 1056 4338 1091 4376; x_wconf 88' lang='lat' dir='ltr'><strong>est</strong></span> <span class='ocrx_word' id='word_1_287' title='bbox 1101 4340 1127 4377; x_wconf 89' lang='lat' dir='ltr'><strong>ut</strong></span> <span class='ocrx_word' id='word_1_288' title='bbox 1138 4330 1238 4379; x_wconf 86' lang='lat' dir='ltr'><strong>densitas</strong></span> <span class='ocrx_word' id='word_1_289' title='bbox 1249 4334 1450 4384; x_wconf 82' lang='lat' dir='ltr'><strong>etvoiomencon-</strong></span> 
     </span>
     <span class='ocr_line' id='line_1_34' title="bbox 162 4392 1450 4462; baseline -0.001 -18"><span class='ocrx_word' id='word_1_290' title='bbox 162 4406 253 4462; x_wconf 75' lang='lat' dir='ltr'><strong>geritur</strong></span> <span class='ocrx_word' id='word_1_291' title='bbox 268 4396 369 4460; x_wconf 81' lang='lat' dir='ltr'><strong>gravitas</strong></span> <span class='ocrx_word' id='word_1_292' title='bbox 387 4396 495 4455; x_wconf 80' lang='lat' dir='ltr'><strong>specifica</strong></span> <span class='ocrx_word' id='word_1_293' title='bbox 511 4405 545 4442; x_wconf 87' lang='lat' dir='ltr'><strong>est</strong></span> <span class='ocrx_word' id='word_1_294' title='bbox 562 4405 590 4443; x_wconf 89' lang='lat' dir='ltr'><strong>ut</strong></span> <span class='ocrx_word' id='word_1_295' title='bbox 605 4395 706 4441; x_wconf 85' lang='lat' dir='ltr'><strong>densitas</strong></span> <span class='ocrx_word' id='word_1_296' title='bbox 721 4406 745 4441; x_wconf 88' lang='lat' dir='ltr'><strong>et</strong></span> <span class='ocrx_word' id='word_1_297' title='bbox 759 4394 794 4441; x_wconf 85' lang='lat' dir='ltr'><strong>vis</strong></span> <span class='ocrx_word' id='word_1_298' title='bbox 822 4392 932 4455; x_wconf 77' lang='lat' dir='ltr'><strong>junctim·</strong></span> <span class='ocrx_word' id='word_1_299' title='bbox 970 4392 1056 4449; x_wconf 73' lang='lat' dir='ltr'><strong>Quare,</strong></span> <span class='ocrx_word' id='word_1_300' title='bbox 1068 4395 1198 4456; x_wconf 88' lang='lat' dir='ltr'><strong>conjunctis</strong></span> <span class='ocrx_word' id='word_1_301' title='bbox 1208 4397 1244 4444; x_wconf 89' lang='lat' dir='ltr'><strong>his</strong></span> <span class='ocrx_word' id='word_1_302' title='bbox 1254 4398 1450 4459; x_wconf 75' lang='lat' dir='ltr'><strong>rationsstns,gra·</strong></span> 
     </span>
     <span class='ocr_line' id='line_1_35' title="bbox 163 4454 1449 4525; baseline 0.002 -18"><span class='ocrx_word' id='word_1_303' title='bbox 163 4462 285 4525; x_wconf 79' lang='lat' dir='ltr'><strong>gravitatis</strong></span> <span class='ocrx_word' id='word_1_304' title='bbox 307 4460 454 4507; x_wconf 71' lang='lat' dir='ltr'><strong>accelmanix</strong></span> <span class='ocrx_word' id='word_1_305' title='bbox 477 4460 629 4521; x_wconf 87' lang='lat' dir='ltr'><strong>conjunctim.</strong></span> <span class='ocrx_word' id='word_1_306' title='bbox 665 4458 710 4504; x_wconf 84' lang='lat' dir='ltr'><strong>Est</strong></span> <span class='ocrx_word' id='word_1_307' title='bbox 729 4457 794 4503; x_wconf 87' lang='lat' dir='ltr'><strong>enim</strong></span> <span class='ocrx_word' id='word_1_308' title='bbox 826 4457 885 4503; x_wconf 83' lang='lat' dir='ltr'><strong>vitas</strong></span> <span class='ocrx_word' id='word_1_309' title='bbox 906 4454 1012 4515; x_wconf 81' lang='lat' dir='ltr'><strong>specifica</strong></span> <span class='ocrx_word' id='word_1_310' title='bbox 1028 4466 1106 4521; x_wconf 75' lang='lat' dir='ltr'><strong>estut</strong></span> <span class='ocrx_word' id='word_1_311' title='bbox 1127 4457 1227 4506; x_wconf 77' lang='lat' dir='ltr'><strong>densitas</strong></span> <span class='ocrx_word' id='word_1_312' title='bbox 1243 4470 1268 4507; x_wconf 90' lang='lat' dir='ltr'><strong>et</strong></span> <span class='ocrx_word' id='word_1_313' title='bbox 1283 4461 1316 4507; x_wconf 83' lang='lat' dir='ltr'><strong>vis</strong></span> <span class='ocrx_word' id='word_1_314' title='bbox 1331 4462 1449 4523; x_wconf 80' lang='lat' dir='ltr'><strong>gravitatis</strong></span> 
     </span>
    </p>

    <p class='ocr_par' dir='ltr' id='par_1_15' title="bbox 163 4519 1449 4713">
     <span class='ocr_line' id='line_1_36' title="bbox 210 4519 1438 4583; baseline -0.001 -12"><span class='ocrx_word' id='word_1_315' title='bbox 210 4526 267 4571; x_wconf 77' lang='lat' dir='ltr'><strong>vitas</strong></span> <span class='ocrx_word' id='word_1_316' title='bbox 285 4523 394 4583; x_wconf 82' lang='lat' dir='ltr'><strong>specifica</strong></span> <span class='ocrx_word' id='word_1_317' title='bbox 409 4532 437 4570; x_wconf 88' lang='lat' dir='ltr'><strong>ut</strong></span> <span class='ocrx_word' id='word_1_318' title='bbox 451 4519 793 4581; x_wconf 72' lang='lat' dir='ltr'><strong>pondusdirectdetvolumen</strong></span> <span class='ocrx_word' id='word_1_319' title='bbox 826 4520 972 4567; x_wconf 84' lang='lat' dir='ltr'><strong>acceleratrix</strong></span> <span class='ocrx_word' id='word_1_320' title='bbox 983 4520 1133 4583; x_wconf 87' lang='lat' dir='ltr'><strong>conjunctim.</strong></span> <span class='ocrx_word' id='word_1_321' title='bbox 1170 4523 1201 4577; x_wconf 85' lang='lat' dir='ltr'><strong>Q.</strong></span> <span class='ocrx_word' id='word_1_322' title='bbox 1214 4540 1234 4570; x_wconf 86' lang='lat' dir='ltr'><strong>e.</strong></span> <span class='ocrx_word' id='word_1_323' title='bbox 1248 4523 1271 4569; x_wconf 90' lang='lat' dir='ltr'><strong>d.</strong></span> <span class='ocrx_word' id='word_1_324' title='bbox 1437 4556 1438 4561; x_wconf 62' lang='lat'><strong>,</strong></span> 
     </span>
     <span class='ocr_line' id='line_1_37' title="bbox 163 4583 1449 4651; baseline 0.002 -16"><span class='ocrx_word' id='word_1_325' title='bbox 163 4587 258 4635; x_wconf 73' lang='lat' dir='ltr'><strong>inverse</strong></span> <span class='ocrx_word' id='word_1_326' title='bbox 269 4586 355 4651; x_wconf 67' lang='lat'><strong>(170),</strong></span> <span class='ocrx_word' id='word_1_327' title='bbox 378 4586 419 4634; x_wconf 88' lang='lat' dir='ltr'><strong>sed</strong></span> <span class='ocrx_word' id='word_1_328' title='bbox 437 4585 528 4645; x_wconf 87' lang='lat' dir='ltr'><strong>pondus</strong></span> <span class='ocrx_word' id='word_1_329' title='bbox 548 4588 600 4649; x_wconf 82' lang='lat' dir='ltr'><strong>(per</strong></span> <span class='ocrx_word' id='word_1_330' title='bbox 617 4584 697 4632; x_wconf 85' lang='lat' dir='ltr'><strong>Dedo.</strong></span> <span class='ocrx_word' id='word_1_331' title='bbox 712 4584 790 4631; x_wconf 86' lang='lat' dir='ltr'><strong>VIII.</strong></span> <span class='ocrx_word' id='word_1_332' title='bbox 859 4583 895 4647; x_wconf 66' lang='lat' dir='ltr'><strong>(h)</strong></span> <span class='ocrx_word' id='word_1_333' title='bbox 914 4587 927 4614; x_wconf 75' lang='lat'><em>*</em></span> <span class='ocrx_word' id='word_1_334' title='bbox 949 4586 990 4631; x_wconf 84' lang='lat' dir='ltr'><strong>Vel</strong></span> <span class='ocrx_word' id='word_1_335' title='bbox 1010 4589 1075 4647; x_wconf 76' lang='lat' dir='ltr'><strong>‘qaod</strong></span> <span class='ocrx_word' id='word_1_336' title='bbox 1088 4589 1184 4648; x_wconf 84' lang='lat' dir='ltr'><strong>perinde</strong></span> <span class='ocrx_word' id='word_1_337' title='bbox 1200 4596 1239 4641; x_wconf 89' lang='lat' dir='ltr'><strong>est,</strong></span> <span class='ocrx_word' id='word_1_338' title='bbox 1259 4596 1292 4640; x_wconf 84' lang='lat' dir='ltr'><strong>at,</strong></span> <span class='ocrx_word' id='word_1_339' title='bbox 1310 4590 1352 4635; x_wconf 74' lang='lat' dir='ltr'><strong>dcc.</strong></span> <span class='ocrx_word' id='word_1_340' title='bbox 1385 4589 1449 4638; x_wconf 79' lang='lat' dir='ltr'><strong>Cion</strong></span> 
     </span>
     <span class='ocr_line' id='line_1_38' title="bbox 165 4646 1440 4713; baseline -0.001 -12"><span class='ocrx_word' id='word_1_341' title='bbox 165 4651 215 4701; x_wconf 87' lang='lat' dir='ltr'><strong>Lib</strong></span> <span class='ocrx_word' id='word_1_342' title='bbox 235 4650 272 4713; x_wconf 88' lang='lat'><strong>1.)</strong></span> <span class='ocrx_word' id='word_1_343' title='bbox 289 4659 324 4698; x_wconf 83' lang='lat' dir='ltr'><strong>est</strong></span> <span class='ocrx_word' id='word_1_344' title='bbox 335 4660 362 4701; x_wconf 91' lang='lat' dir='ltr'><strong>ut</strong></span> <span class='ocrx_word' id='word_1_345' title='bbox 372 4650 488 4713; x_wconf 82' lang='lat' dir='ltr'><strong>quantitas</strong></span> <span class='ocrx_word' id='word_1_346' title='bbox 503 4649 605 4696; x_wconf 73' lang='lat' dir='ltr'><strong>materia</strong></span> <span class='ocrx_word' id='word_1_347' title='bbox 616 4659 640 4696; x_wconf 84' lang='lat' dir='ltr'><strong>et</strong></span> <span class='ocrx_word' id='word_1_348' title='bbox 650 4648 684 4694; x_wconf 85' lang='lat' dir='ltr'><strong>vis</strong></span> <span class='ocrx_word' id='word_1_349' title='bbox 694 4648 794 4711; x_wconf 77' lang='lat' dir='ltr'><strong>gravita-</strong></span> <span class='ocrx_word' id='word_1_350' title='bbox 825 4647 889 4694; x_wconf 86' lang='lat' dir='ltr'><strong>enim</strong></span> <span class='ocrx_word' id='word_1_351' title='bbox 902 4650 954 4713; x_wconf 83' lang='lat' dir='ltr'><strong>(per</strong></span> <span class='ocrx_word' id='word_1_352' title='bbox 964 4646 1045 4710; x_wconf 78' lang='lat' dir='ltr'><strong>Hyp.)</strong></span> <span class='ocrx_word' id='word_1_353' title='bbox 1057 4648 1171 4702; x_wconf 70' lang='lat' dir='ltr'><strong>duanae</strong></span> <span class='ocrx_word' id='word_1_354' title='bbox 1183 4650 1237 4707; x_wconf 85' lang='lat' dir='ltr'><strong>SA,</strong></span> <span class='ocrx_word' id='word_1_355' title='bbox 1251 4652 1305 4708; x_wconf 83' lang='lat' dir='ltr'><strong>sB,</strong></span> <span class='ocrx_word' id='word_1_356' title='bbox 1319 4652 1374 4711; x_wconf 86' lang='lat' dir='ltr'><strong>SC,</strong></span> <span class='ocrx_word' id='word_1_357' title='bbox 1388 4654 1440 4703; x_wconf 88' lang='lat' dir='ltr'><strong>SD</strong></span> 
     </span>
    </p>
   </div>
   <div class='ocr_carea' id='block_1_13' title="bbox 0 0 1722 5500">
    <p class='ocr_par' dir='ltr' id='par_1_16' title="bbox 0 0 1722 5500">
     <span class='ocr_line' id='line_1_39' title="bbox 0 0 1722 5500; baseline 0 5"><span class='ocrx_word' id='word_1_358' title='bbox 0 0 1722 5500; x_wconf 95' lang='lat' dir='ltr'><strong> </strong></span> 
     </span>
    </p>
   </div>
  </div>
 </body>
</html>
