3434 5500
288 449 351 508 196
610 439 952 512 PHILOSOPHIAE
975 437 1247 508 NATURALIS
1298 437 1413 522 [Mor.
1427 437 1582 506 Conron.
1694 442 1695 445 ’

286 607 410 676 duobus
425 611 457 674 A
471 621 504 674 et
519 609 557 687 B,
574 619 606 674 et
619 609 717 676 altere
730 610 795 674 duo
811 609 838 674 F
852 621 886 675 et
900 609 933 676 G
947 609 981 674 in
995 609 1087 674 tertio
1104 608 1149 688 93
1165 609 1265 694 sitque
1279 607 1426 676 velocitas
1437 610 1579 694 corporis

287 715 322 782 D
336 716 377 782 sd
391 715 586 780 velocitatem
606 717 746 802 corporis
763 717 802 794 E,
824 730 857 780 et
878 715 1024 782 velocitas
1044 715 1184 800 corporis
1200 710 1284 780 Fad
1296 712 1492 780 veloeimtem
1508 738 1578 779 cor·

284 824 369 910 poris
382 825 415 890 G
429 826 462 890 in
478 825 691 910 subduplieatt
706 825 826 893 ratione
840 825 952 893 virium
969 825 1000 891 T
1015 823 1057 888 ad
1071 823 1153 889 vires
1168 824 1216 887 V:
1239 824 1414 890 resistentia
1434 824 1575 910 corporis
1609 824 1614 834 “

284 934 318 998 D
333 933 392 998 erit
406 933 446 998 ad
462 933 667 1000 resistentiam
681 933 822 1017 eorporis
837 932 877 1009 E,
893 944 926 997 et
939 931 1114 996 resistentia
1124 930 1264 1014 corporis
1277 929 1352 994 Fed
1367 931 1575 996 resistentiam

282 1041 422 1126 eorporis
439 1041 482 1118 G,
505 1039 540 1124 (Υ)
555 1041 589 1108 in
610 1040 810 1112 velocitatum
830 1039 952 1107 ratione
965 1035 1141 1122 duplicati,
1163 1048 1196 1102 et
1209 1047 1376 1124 propterea
1396 1037 1573 1102 resistentia

281 1149 420 1232 eorporis
443 1148 477 1214 D
499 1147 559 1212 erit
579 1147 620 1214 ad
641 1147 847 1212 resistentiam
873 1144 1012 1230 eorporis
1028 1137 1055 1208 F
1070 1155 1106 1209 ut
1118 1142 1294 1208 resistentia
1315 1143 1454 1226 corporis
1478 1143 1508 1206 E
1530 1143 1571 1208 ad

280 1253 486 1322 resistentiam
501 1252 641 1338 eorporis
657 1253 700 1319 G.
735 1253 836 1320 sunto
851 1273 985 1336 corpora
995 1252 1030 1316 D
1039 1263 1071 1316 et
1086 1251 1113 1314 F
1127 1247 1328 1336 oequivelocia
1341 1261 1377 1313 ut
1390 1259 1423 1312 et
1436 1268 1571 1336 corpora

281 1365 311 1429 E
325 1377 357 1429 et
372 1366 422 1441 ὓς
449 1374 481 1429 et
494 1365 639 1452 augendo
659 1365 837 1436 velocitates
859 1385 1028 1450 corporum
1042 1364 1077 1430 D
1092 1375 1125 1428 et
1140 1363 1167 1429 F
1181 1364 1215 1430 in
1229 1364 1350 1429 ratione
1370 1360 1566 1450 quicunque,

278 1495 316 1538 ac
337 1472 541 1538 diminuendo
561 1473 642 1538 vires
662 1475 885 1558 particular-um
907 1473 1001 1540 medii
1024 1474 1053 1540 B
1072 1473 1106 1538 in
1127 1471 1239 1538 eidem
1259 1473 1378 1536 ratione
1398 1468 1566 1556 duplicati,

278 1581 318 1666 (Β)
334 1578 460 1645 accedet
474 1579 612 1648 medimn
628 1580 657 1646 B
671 1581 712 1646 ad
726 1579 857 1648 formam
873 1594 906 1649 et
919 1581 1131 1651 conditionem
1150 1580 1247 1646 medii
1270 1581 1298 1646 C
1318 1602 1378 1668 pro
1398 1580 1511 1658 lubitu,
1534 1591 1567 1643 et

277 1685 394 1752 ideirco
420 1688 603 1754 resistentia
624 1710 792 1774 corporum
815 1690 984 1776 aequalium
1005 1701 1037 1755 et
1057 1687 1295 1775 aequivelocium
1315 1687 1391 1752 Eet
1406 1685 1440 1750 G
1461 1686 1495 1750 in
1517 1687 1565 1750 his

275 1796 396 1875 mediis,
411 1796 564 1881 perpetui
578 1797 727 1868 aeoedent
740 1797 1014 1883 ad'eeqnalimtem,
1030 1797 1074 1862 ita
1088 1807 1125 1861 ut
1137 1816 1246 1863 earum
1260 1792 1435 1858 differentia
1453 1793 1565 1858 evadat

274 1902 401 1968 tandem
415 1904 518 1968 minor
532 1925 626 1989 quam
641 1905 713 1971 data
727 1904 853 1990 quaevis.
901 1905 1039 1990 Proinde
1052 1901 1125 1970 sinn
1139 1903 1323 1970 resistentia
1344 1923 1514 1986 corporum
1529 1903 1562 1968 D

273 2023 307 2076 et
321 2012 349 2076 F
363 2012 424 2078 sint
438 2011 479 2076 ad
493 2012 626 2077 invicem
639 2023 675 2077 ut
688 2012 872 2078 resistentie
885 2033 1054 2096 corporum
1070 2011 1100 2076 Ε
1113 2021 1147 2074 et
1161 2010 1204 2087 G,
1227 2008 1376 2072 aocedent
1397 2008 1491 2072 etiam
1512 2008 1562 2072 hee

272 2117 414 2191 similiter
428 2119 469 2188 ad
483 2118 637 2185 rationem
651 2119 845 2203 equalitatis.
894 2119 1075 2203 Corporum
1096 2119 1192 2205 igitur
1207 2118 1241 2182 D
1256 2128 1288 2181 et
1303 2115 1339 2196 F,
1363 2117 1417 2181 ubi
1433 2116 1561 2182 velocis-

271 2221 349 2314 sime
364 2234 537 2300 moventur,
552 2223 736 2288 resistentie
751 2236 822 2288 sunt
832 2224 968 2310 aequales
979 2222 1244 2313 quamproxime:
1266 2234 1297 2288 et
1310 2236 1479 2309 propterea
1489 2222 1558 2290 erim

271 2327 446 2394 resistentia
468 2331 607 2414 eorporis
631 2331 658 2394 F
676 2331 716 2395 sit
734 2330 767 2394 in
789 2330 945 2416 duplicati
968 2332 1089 2399 ratione
1102 2330 1284 2408 velocitatis,
1306 2330 1366 2395 erit
1385 2332 1560 2401 resistentia

270 2438 409 2522 corporis
423 2440 457 2504 D
473 2439 505 2506 in
520 2438 629 2508 eedem
645 2441 765 2506 ratione
779 2440 873 2526 quim
886 2441 1038 2526 proxime.

313 2543 352 2629 (¹¹)
370 2547 517 2612 Corol.·3.
563 2547 711 2632 Corporis
726 2547 758 2610 in
773 2547 871 2611 fluido
886 2548 995 2634 quovis
1010 2547 1138 2612 elastico
1150 2544 1342 2612 velocissime
1355 2548 1435 2612 moti
1448 2547 1558 2612 eadem

252 2648 332 2720 iere
346 2663 392 2714 est
406 2651 579 2716 resistentie
593 2675 630 2718 ac
644 2653 669 2716 si
682 2667 787 2736 partes
796 2654 884 2717 fluidi
899 2655 1016 2718 viribus
1030 2655 1093 2718 suis
1109 2655 1289 2743 centrifugis
1304 2655 1556 2735 destituerentur,

198 2741 202 2757 ⁸
267 2781 363 2845 seque
384 2773 493 2824 mutuo
512 2760 756 2848 non'sugerent:
781 2764 808 2827 si
828 2764 924 2829 modo
944 2765 1034 2832 fluidi
1054 2766 1101 2831 vis
1123 2766 1249 2832 elastiaa
1269 2788 1310 2831 ex
1332 2766 1557 2851 particularum

266 2866 383 2929 viribus
398 2866 577 2955 centrifugis
591 2868 719 2948 oriatur,
735 2882 768 2940 et
782 2871 929 2938 velocitas
941 2871 1023 2939 aded
1037 2896 1152 2961 magna
1162 2874 1203 2941 sit
1211 2886 1247 2941 ut
1255 2874 1336 2939 vires
1343 2896 1412 2940 non
1420 2874 1556 2941 habeant

266 2972 339 3043 satis
354 2972 501 3060 temporis
516 2974 558 3039 ad
572 2976 738 3063 agendum.

311 3081 407 3145 Corol.
424 3090 455 3145 4.
490 3083 632 3149 Proinde
638 3084 710 3149 edm
721 3086 904 3153 resistentioe
919 3087 1065 3153 similium
1079 3072 1111 3153 et
1125 3090 1360 3177 sequivelocium
1374 3056 1552 3175 eor-poium,

263 3186 296 3251 in
321 3187 425 3251 medio
447 3190 534 3275 eujus
556 3204 659 3277 partes
681 3192 831 3259 distantes
853 3216 888 3259 se
908 3206 1020 3261 mutuo
1040 3218 1105 3261 non
1125 3195 1262 3283 lugiunt,
1289 3195 1323 3280 (¹)
1339 3196 1402 3260 sint
1422 3208 1459 3262 ut
1478 3219 1552 3282 qua·

263 3292 352 3359 drate
384 3295 624 3375 diametrorum
656 3314 729 3365 sunt
753 3302 846 3367 etiam
876 3303 1113 3389 aequiveloeium
1141 3317 1174 3369 et
1201 3304 1362 3370 celerrime
1395 3315 1550 3369 motorum

262 3426 430 3490 corporrun
451 3407 634 3475 resistentie
656 3409 689 3475 in
710 3410 807 3475 fluido
829 3411 956 3478 elastico
977 3423 1014 3479 ut
1034 3412 1186 3499 quadrata
1210 3412 1435 3479 diametrorum
1457 3408 1551 3498 qudm

259 3510 412 3596 proxime.

305 3622 402 3683 Corol.
419 3629 449 3685 5.
495 3621 538 3685 Et
560 3617 631 3686 crim
654 3644 787 3708 corpora
808 3626 930 3705 similia,
954 3627 1086 3713 aequalia
1106 3638 1138 3691 et
1159 3627 1369 3713 aequivelocia,
1392 3628 1425 3689 in
1439 3626 1547 3691 mediis

260 3723 398 3811 ejusdem
412 3726 582 3806 densitatis,
599 3750 732 3813 quorum
743 3732 905 3815 particule
919 3754 953 3801 se
967 3747 1077 3798 mutuo
1087 3755 1153 3799 nou
1162 3734 1297 3822 fagiunt,
1313 3736 1378 3800 sive
1386 3734 1547 3819 particular

259 3833 321 3897 illae
336 3835 398 3899 sint
411 3837 516 3922 plures
532 3848 563 3901 et
576 3838 724 3916 minores,
741 3841 804 3905 sive
818 3842 981 3925 panciores
997 3856 1029 3906 et
1042 3844 1185 3927 majores,
1201 3844 1235 3906 in
1246 3841 1399 3928 oequalem
1409 3844 1546 3907 materiae

258 3946 460 4031 quantitatem
491 3950 683 4033 temporibus
715 3952 888 4037 aequalibus
920 3952 1104 4039 impingant,
1142 3953 1232 4039 eique
1261 3952 1414 4039 {equalem
1442 3965 1545 4019 motus

289 4086 321 4152 (f)
332 4090 345 4119 ⁸
358 4091 390 4137 Ia
405 4094 550 4140 selectarum
568 4095 656 4141 ratione
674 4092 797 4157 dapttatd.
833 4097 886 4159 (Ex
919 4099 946 4145 D
962 4107 1069 4147 movetur
1079 4099 1219 4163 sefofiunt,
1237 4099 1415 4162 qualiscumque
1432 4099 1543 4161 mppoui-

255 4150 419 4201 demonstratis
429 4154 499 4202 initio
512 4156 591 4205 Corol.
605 4158 698 4220 hujus.)
916 4170 967 4219 tnr3
980 4178 1103 4223 corporum
1113 4165 1138 4211 D
1147 4174 1171 4212 et
1182 4164 1251 4212 Fabi
1261 4163 1403 4213 velocissime
1412 4174 1542 4223 moventur,

288 4216 323 4280 (Ι)
335 4218 349 4247 ⁸
362 4216 461 4273 Acculet
471 4223 575 4269 mediam
586 4224 616 4277 B,
628 4222 671 4269 &a
708 4222 732 4270 si
749 4222 811 4269 enim
823 4223 886 4271 velo-
918 4226 1053 4273 resistentiis
1063 4228 1344 4291 manentibusoequalibus
1351 4244 1422 4291 quam
1431 4227 1540 4290 proximi,

254 4279 335 4328 eitstea
350 4294 475 4341 corporum
489 4283 513 4329 D
524 4294 549 4329 et
561 4284 588 4338 F.
608 4300 679 4346 quam
694 4287 796 4335 maxime
814 4303 887 4351 auge-
918 4289 972 4336 lieet
983 4290 1053 4337 medii
1064 4292 1084 4339 C
1095 4292 1120 4339 in
1131 4308 1178 4353 quo
1188 4308 1272 4353 corpus
1285 4293 1430 4349 Farovetar,
1440 4293 1542 4353 panici»

253 4352 336 4392 rentur
352 4344 412 4391 vires
423 4346 590 4404 particularum
606 4350 678 4397 medii
692 4351 720 4407 B,
738 4353 887 4399 manentibus
918 4354 1043 4401 leviribus
1053 4355 1293 4418 ceutrifugisprorsus'
1303 4356 1464 4404 demittantur.
1495 4356 1540 4403 Pa·

252 4408 341 4455 viribus
359 4408 432 4455 medii
445 4411 468 4457 A
480 4419 505 4457 et
516 4410 636 4461 velocitate
654 4415 756 4475 corporis
773 4416 796 4461 E
812 4430 884 4477 quam
916 4426 950 4464 tet
959 4418 1064 4465 etiamen
1072 4420 1173 4481 eoquod
1183 4422 1447 4480 mpponaturviresnon
1458 4421 1541 4466 halma

251 4470 354 4519 maxim&
370 4471 539 4529 decrescerent,
556 4474 611 4535 quia
622 4486 656 4524 est
667 4492 757 4538 semper
768 4479 802 4525 vis
812 4479 885 4525 medii
917 4482 973 4529 setis
982 4483 1092 4542 temporis
1102 4483 1131 4529 ad
1142 4484 1268 4545 agendam,
1285 4485 1350 4531 unde
1359 4498 1426 4531 ersus
1436 4484 1497 4531 redit
1511 4483 1541 4531 ad

253 4534 277 4581 A
289 4534 319 4583 ad
331 4536 378 4583 vim
389 4537 461 4588 medii
476 4539 497 4585 Β
509 4546 537 4585 ut
547 4538 687 4599 quadratum
699 4542 826 4589 velocitatis
832 4558 884 4590 ror·
916 4557 972 4591 eum
982 4546 1007 4591 in
1018 4560 1066 4607 quo
1076 4546 1136 4593 vires
1145 4547 1193 4593 illae
1204 4548 1277 4596 nullia
1286 4557 1348 4595 arat

251 4599 313 4657 poris
326 4600 351 4646 D
363 4598 391 4647 ed
403 4602 544 4663 quadratum
557 4602 683 4651 velocitatis
693 4606 795 4665 corporis
807 4608 838 4654 E.
946 4608 977 4671 (¹)
991 4613 1004 4641 *
1017 4613 1068 4658 tint
1084 4620 1111 4659 ut
1121 4616 1235 4673 quadrata
1246 4615 1417 4660 diametrorum.
1455 4611 1501 4658 Per
1515 4615 1537 4656 2.

283 4662 321 4725 (l)
335 4666 349 4694 '
363 4667 515 4714 corollarium
531 4672 555 4713 3.
592 4666 661 4713 Patet
678 4682 720 4727 per
741 4671 795 4717 Cor.
815 4677 836 4718 2.
856 4671 883 4717 in
913 4683 1003 4731 partem
1018 4673 1080 4721 dem.
1101 4675 1171 4735 Prop.
1190 4676 1268 4737 hujus,
1288 4678 1319 4723 ob
1336 4675 1402 4722 datas
1418 4688 1540 4738 eorporum

248 4740 298 4787 quo
309 4726 379 4785 visT,
388 4727 436 4791 qud
446 4730 566 4788 partieulre
582 4730 656 4778 medii
668 4734 692 4778 A
703 4732 729 4779 iu
739 4749 789 4795 quo
797 4750 896 4810 corpur⁸
914 4736 1047 4785 velocitates
1057 4747 1082 4785 et
1091 4738 1163 4786 medii
1172 4738 1310 4788 densitatem
1318 4738 1406 4789 datam
