3434 5500
177 400 290 465 aaa
306 388 471 485 secuta]
516 402 756 469 rnrucrrm
787 401 1159 468 Marnumxrrox.
1239 383 1243 389 ’
1402 410 1461 476 an

220 576 261 638 ln
276 575 523 640 circumferentiis
540 576 568 640 P
583 577 621 640 H
638 578 661 641 S
676 577 697 639 h
712 576 875 660 capiantur
896 576 1031 660 aequales
1052 598 1141 639 arcus
1159 574 1238 653 HI,
1262 576 1279 639 Ι
1296 572 1328 638 K
1343 576 1391 639 vel
1407 575 1464 652 hi,

176 685 232 759 ik,
249 708 319 747 eam
332 685 483 749 habentes
499 686 651 749 rationem
666 687 706 750 ad
721 685 999 749 circumferentiam
1015 699 1111 750 totam
1124 708 1216 771 quam
1231 686 1347 749 habent
1361 708 1465 771 aequa·

175 792 219 854 les
235 775 329 855 rectae
352 792 435 869 EF,
461 793 537 856 FG
558 793 599 855 ad
619 794 766 877 pulsuum
787 793 984 856 intervallum
1008 775 1109 856 totum
1133 794 1161 856 Β
1178 794 1215 857 C.
1262 794 1305 856 Et
1326 793 1465 858 demissis
1497 848 1501 853 .

175 900 405 984 perpendiculis
428 900 444 964 I
461 900 511 976 M,
529 901 562 964 K
579 902 610 964 N
625 902 673 965 vel
688 904 755 980 im,
772 903 847 979 kn3
871 903 1018 988 quoniam
1040 916 1155 987 puncta
1172 904 1210 981 E,
1229 903 1264 981 F,
1283 904 1314 968 G
1330 904 1464 967 motibus

175 1007 325 1070 similibus
341 1008 512 1071 successive
526 1009 693 1095 agitantur,
715 1024 746 1073 et
760 1011 947 1074 vibrationes
963 1032 1033 1073 suas
1049 1012 1185 1099 integras
1200 1022 1239 1074 cx
1255 1011 1300 1075 itu
1316 1026 1348 1075 et
1361 1012 1464 1077 reditu

175 1115 361 1198 compositas
377 1117 494 1177 interea
507 1129 663 1201 peragunt
677 1116 752 1179 dum
766 1116 874 1199 pulsus
889 1116 1072 1179 transfertur
1087 1140 1106 1179 a
1121 1117 1149 1179 B
1161 1116 1201 1179 ad
1215 1117 1262 1192 C3
1278 1117 1303 1179 si
1321 1119 1348 1181 P
1361 1118 1397 1181 H
1412 1118 1463 1182 vel

177 1223 203 1285 P
220 1223 256 1285 H
274 1224 296 1287 S
311 1223 332 1285 h
355 1223 395 1286 sit
415 1208 537 1306 tempus
558 1224 598 1287 ab
620 1225 708 1287 initio
730 1224 832 1288 motirs
853 1226 962 1308 puncti
978 1226 1016 1301 E,
1041 1226 1081 1309 (¹)
1094 1228 1152 1289 erit
1168 1227 1196 1289 P
1211 1226 1228 1290 I
1243 1225 1292 1289 vel
1309 1227 1387 1290 PH
1404 1228 1427 1291 S
1451 1228 1463 1291 i

175 1347 297 1415 tempus
320 1334 360 1395 ab
381 1334 470 1395 initio
492 1333 594 1397 matris
617 1336 725 1418 puncti
750 1335 785 1410 F,
809 1347 841 1397 et
857 1334 883 1397 P
897 1334 928 1397 K
944 1334 992 1397 vel
1009 1334 1037 1396 P
1052 1334 1090 1397 H
1107 1336 1129 1399 S
1144 1335 1166 1397 k
1180 1346 1302 1419 tempus
1318 1336 1357 1398 ab
1372 1335 1462 1398 initio

173 1439 276 1502 nrotfrs
291 1440 400 1522 puncti
416 1440 465 1515 G;
488 1453 521 1503 et
535 1450 702 1523 propterea
717 1441 746 1505 E
761 1467 781 1516 e,
799 1442 827 1505 F
842 1460 870 1521 φ,
889 1441 921 1505 G
935 1468 955 1521 y
970 1453 1061 1504 erunt
1082 1442 1156 1525 ipsis
1174 1442 1200 1504 P
1217 1442 1255 1517 L,
1274 1443 1301 1505 P
1318 1442 1366 1518 M,
1385 1442 1412 1505 P
1429 1442 1462 1505 N

174 1548 206 1608 in
221 1548 266 1608 itu
280 1560 468 1631 punctorum
483 1546 533 1609 vel
547 1548 622 1631 ipsis
639 1548 701 1624 Pl,
720 1549 748 1611 P
762 1570 804 1624 nr,
823 1549 883 1611 Pn
899 1548 930 1609 in
945 1560 1133 1630 punctorum
1147 1548 1259 1625 reditu,
1276 1548 1314 1631 (Ι)
1327 1547 1462 1633 aequales

133 1696 136 1701 -
174 1654 353 1739 respectivd.
399 1656 494 1720 Unde
510 1682 520 1715 ε
535 1684 556 1737 7
570 1679 625 1719 seu
648 1656 727 1720 EG
747 1668 778 1731 -Ι-
800 1656 833 1720 G
846 1684 867 1737 γ
882 1694 924 1723 .-
942 1654 970 1719 Ε
986 1682 995 1716 ε
1010 1656 1043 1718 in
1058 1655 1103 1719 itu
1124 1667 1312 1741 punctorum
1334 1656 1462 1743 aequalis

172 1765 232 1827 erit
249 1764 325 1828 EG
340 1802 384 1812 -
399 1763 427 1826 L
444 1765 486 1840 N,
510 1765 543 1826 in
565 1764 667 1828 reditu
684 1776 789 1828 autem
802 1765 972 1850 aequalisE
989 1766 1022 1829 G
1042 1777 1073 1840 -Ι-
1093 1766 1150 1853 ln,
1197 1767 1235 1849 (Ι)
1256 1766 1318 1831 Sed
1334 1794 1343 1827 ε
1358 1795 1379 1848 y
1393 1768 1463 1831 lati·-

171 1874 250 1935 tudo
265 1887 311 1936 est
325 1897 379 1936 seu
395 1875 545 1957 expansio
559 1876 655 1959 partis
670 1874 765 1937 medii
782 1874 810 1937 E
827 1875 857 1937 G
876 1875 907 1935 in
925 1874 995 1936 loco
1011 1900 1021 1933 ε
1035 1898 1071 1955 73
1088 1886 1119 1937 et
1133 1888 1298 1958 propterea
1313 1876 1463 1958 expansio

171 1984 270 2065 partis
293 1984 374 2046 illius
391 1986 423 2046 in
437 1984 483 2048 itu
500 1997 547 2047 est
561 1985 602 2048 ad
617 1987 683 2068 ejus
704 1984 926 2067 expansionem
949 1976 1148 2059 mediocrem,
1176 1996 1210 2045 ut
1233 1982 1262 2045 E
1279 1983 1310 2047 G
1326 1983 1413 2045 -L
1430 1981 1462 2047 N

172 2089 379 2173 (⁸)adEG3
406 2092 438 2154 in
461 2092 563 2155 reditu
582 2102 686 2154 autem
708 2105 743 2153 ut
766 2090 842 2154 EG
864 2101 895 2164 -Ι-
915 2090 963 2151 ln
986 2112 1040 2153 seu
1065 2089 1194 2163 EG÷
1215 2090 1292 2152 LN
1314 2089 1462 2156 adEG.

172 2198 281 2272 Quare
304 2199 343 2281 (Ι)
359 2198 431 2261 cdm
447 2200 486 2261 sit
502 2200 532 2263 L
548 2201 581 2264 N
597 2200 637 2263 ad
656 2200 687 2263 K
704 2198 738 2261 H
755 2210 790 2261 ut
806 2198 822 2261 I
840 2198 879 2261 M
899 2198 940 2261 ad
963 2198 1084 2261 radium
1102 2198 1133 2261 Ο
1151 2200 1187 2274 P,
1211 2200 1249 2282 (Ι)
1266 2212 1298 2261 et
1314 2198 1345 2262 K
1363 2200 1400 2263 H
1422 2196 1463 2263 ad

174 2307 202 2370 E
218 2307 249 2371 G
265 2321 300 2371 ut
314 2310 560 2373 circumferentia
577 2310 604 2374 P
621 2310 657 2373 H
675 2309 697 2372 S
711 2308 733 2370 h
751 2308 778 2370 P
793 2307 833 2369 ad
852 2308 880 2369 B
897 2307 934 2383 C,
951 2307 1051 2382 idest,
1068 2306 1093 2369 si
1108 2318 1243 2387 ponatur
1259 2306 1359 2387 Vpro
1374 2308 1463 2371 radio
1565 2326 1569 2333 ·

171 2417 279 2479 circuli
295 2416 575 2483 circumferentiam
590 2419 734 2482 habentis
750 2416 903 2501 aequalem
918 2414 1080 2477 intervallo
1094 2413 1243 2497 pulsuum
1260 2415 1289 2477 B
1308 2412 1345 2490 C,
1371 2416 1409 2499 (Ι)
1427 2429 1463 2479 ut

173 2524 204 2590 Ο
220 2526 247 2588 Ρ
262 2525 302 2587 ad
319 2527 365 2601 V;
392 2539 423 2590 et
444 2551 484 2590 ex
505 2550 598 2614 aequo
613 2529 643 2591 L
659 2528 689 2591 N
705 2527 746 2589 ad
764 2526 792 2588 E
808 2524 840 2586 G
856 2537 890 2587 ut
907 2524 922 2587 l
940 2524 979 2587 M
994 2524 1034 2586 ad
1049 2524 1097 2586 V:
1121 2523 1180 2587 erit
1199 2524 1349 2605 expansio
1363 2524 1461 2607 partis

149 2617 152 2623 Ι
173 2636 201 2699 Ε
218 2637 251 2701 G
271 2638 417 2721 punctive
441 2639 563 2725 physici
580 2640 653 2702 Fin
675 2639 744 2701 loco
760 2664 804 2718 sy
825 2636 866 2698 ad
896 2635 1119 2717 expansionem
1143 2633 1342 2710 mediocrem,
1367 2656 1461 2718 quam

170 2770 243 2831 pars
257 2746 310 2810 illa
325 2747 418 2812 habet
432 2750 464 2812 in
478 2751 549 2813 loco
564 2773 622 2814 suo
636 2749 738 2833 primo
762 2749 791 2811 E
808 2746 851 2823 G,
875 2745 912 2830 (Ι)
930 2758 965 2808 ut
979 2744 1009 2809 V
1025 2781 1068 2794 -··
1084 2742 1100 2807 I
1117 2742 1157 2808 M
1177 2742 1217 2808 ad
1233 2743 1263 2806 V
1279 2744 1311 2806 in
1333 2745 1387 2822 itu,
1411 2757 1461 2810 ut·
1554 2769 1557 2774 ·
1577 2781 1581 2788 ·

204 2917 241 2980 (¹)
254 2921 267 2947 '
283 2921 335 2970 Erit
346 2922 369 2967 P
380 2920 396 2966 Ι
403 2922 438 2968 vel
449 2923 473 2968 P
481 2922 510 2968 H
515 2923 533 2969 S
537 2916 554 2964 i·
584 2917 703 2975 Quoniam
712 2925 798 2978 puncta
830 2925 917 2976 puncta
927 2914 970 2962 tria
980 2914 1051 2962 medii
1063 2915 1200 2977 quiescentis
1216 2931 1257 2962 seu
1268 2923 1335 2962 motu
1346 2915 1458 2975 impresso

173 2981 204 3037 Ε,
218 2981 245 3035 F,
259 2982 290 3037 G,
306 2992 330 3028 et
339 2983 384 3029 alia
395 2982 509 3045 deinceps,
521 2982 623 3030 motibus
633 2983 747 3029 similibus
757 2996 798 3040 per
830 2980 935 3027 nondum
947 2977 1081 3026 condensati
1092 2979 1129 3027 vel
1141 2979 1253 3035 forefacti,
1266 2979 1377 3039 expansio
1388 2977 1459 3025 medii

172 3045 242 3090 medii
253 3046 444 3106 compressionem
456 3059 480 3094 et
490 3047 649 3094 dilatationem
665 3045 796 3093 communi·
829 3045 854 3089 in
866 3043 918 3092 loco
930 3043 953 3090 E
968 3043 999 3099 G,
1017 3043 1140 3089 mediocris
1155 3058 1197 3090 seu
1208 3043 1274 3105 quasi
1286 3043 1364 3090 medie
1377 3052 1411 3089 est
1421 3043 1459 3088 iu.

172 3109 229 3154 catis
246 3109 373 3156 successive
390 3111 515 3172 agitantur,
535 3112 618 3171 pulsus
635 3125 677 3170 per
698 3108 797 3172 aequalia
829 3116 865 3154 ter
883 3107 1006 3153 minimam
1022 3107 1095 3166 ipsius
1111 3106 1275 3166 expansionem
1293 3107 1318 3153 in
1334 3105 1458 3167 locispul-

171 3174 244 3231 spatia
266 3173 289 3220 E
309 3173 336 3231 F,
358 3174 379 3220 F
397 3174 428 3228 G,
445 3177 487 3221 &o
508 3175 637 3236 aequalibus
655 3174 798 3233 temporibus
830 3186 901 3218 suum
909 3169 1057 3224 densissimis.
1066 3171 1220 3218 etmaximam
1228 3170 1252 3216 in
1262 3169 1454 3218 locisrarissimit.

172 3235 601 3349 Fuf¹¹ta³tt⁶td²t⁹utt
614 3238 798 3348 mitat
831 3233 1457 3358 dibili‘miKiilessuliiifnff'wiffl

271 3333 279 3355 9
495 3336 501 3356 1

170 3378 218 3422 quo
228 3365 364 3411 transfertur
374 3381 389 3411 a
401 3365 423 3412 B
434 3365 464 3412 ad
478 3367 505 3421 C,
518 3376 542 3413 et
550 3381 598 3428 quo
608 3319 701 3428 singiila
711 3374 798 3426 puncta
829 3362 858 3410 lis
869 3361 965 3409 dimidio
975 3363 1039 3409 arcui
1052 3362 1064 3410 Ι
1079 3362 1125 3414 ΡΙ,
1137 3377 1178 3408 seu
1192 3361 1217 3409 K
1231 3361 1287 3416 Pk,
1299 3369 1323 3408 et
1333 3361 1415 3423 anguli
1425 3359 1457 3408 ad

174 3427 205 3482 E,
219 3427 246 3483 F,
260 3429 432 3476 Gribrationes
442 3445 496 3475 suas
506 3429 607 3492 integras
617 3445 646 3475 ex
658 3431 692 3475 itu
703 3438 726 3474 et
736 3428 798 3475 redi-
829 3426 1039 3473 circumferentiam
1060 3425 1085 3474 K
1105 3425 1173 3482 Hk,
1195 3440 1304 3472 mensura
1325 3434 1360 3471 est
1384 3423 1456 3471 etiam

171 3499 197 3536 tu
217 3492 354 3550 compositas
372 3492 503 3552 perficiunt,
522 3504 550 3539 ut
566 3494 666 3554 spatium
684 3493 707 3540 E
722 3493 742 3538 F
760 3492 798 3538 vel
829 3490 940 3537 dimidius
949 3506 1016 3538 arcus
1029 3489 1054 3538 Κ
1067 3489 1123 3545 ΡΙ,
1141 3487 1226 3538 etided
1237 3487 1318 3550 anguli
1331 3489 1343 3536 Ι
1358 3487 1381 3536 0
1395 3488 1416 3536 P
1432 3496 1456 3536 et

173 3555 194 3600 F
208 3556 231 3601 G
242 3555 271 3600 ed
282 3557 383 3614 spatium
401 3556 423 3604 B
437 3558 465 3612 C,
482 3557 505 3602 in
516 3557 563 3619 quis
573 3559 662 3605 ratione
677 3557 747 3604 etiam
763 3565 798 3602 est
831 3554 858 3601 K
871 3555 898 3600 H
911 3554 941 3611 L,
958 3555 1058 3616 aquales
1068 3563 1131 3601 sunt,
1167 3553 1234 3600 Hinc
1247 3555 1266 3598 si
1278 3567 1305 3598 ex
1317 3561 1406 3611 puncto
1419 3551 1453 3608 K,

170 3634 237 3664 arcus
250 3619 277 3665 H
290 3620 310 3676 l,
328 3620 364 3666 vel
377 3621 390 3667 Ι
404 3620 438 3674 Κ,
455 3620 485 3667 ad
501 3630 573 3668 totam
589 3621 798 3668 circumferentiam
830 3618 957 3665 demissum
975 3618 1117 3681 intelligatur
1132 3617 1162 3664 ed
1175 3616 1202 3664 Η
1215 3617 1245 3673 L,
1262 3614 1455 3676 perpendiculum
1521 3625 1523 3628 ·

174 3681 195 3728 Ρ
208 3682 233 3728 Η
248 3683 263 3729 S
277 3683 305 3739 Ρ,
327 3691 379 3746 (per
392 3684 469 3746 Hyp.)
487 3700 540 3746 que
556 3696 648 3745 tempus
658 3695 734 3732 totum
750 3699 797 3747 quo
830 3682 919 3744 aequale
931 3682 953 3728 L
966 3683 998 3738 N,
1016 3684 1059 3729 hoc
1070 3681 1262 3744 perpendiculum
1273 3695 1326 3726 cum
1335 3678 1455 3746 ordinate·

171 3745 252 3806 pulsus
262 3763 276 3792 a
289 3748 310 3794 B
322 3747 352 3793 ad
362 3747 532 3805 Ctreusfertun
542 3750 644 3809 exponit,
657 3759 680 3795 et
688 3749 796 3794 differen-
828 3761 883 3792 rum
897 3746 923 3792 H
936 3747 958 3794 L
970 3753 994 3792 et
1006 3746 1031 3792 K
1042 3747 1067 3793 N
1078 3742 1208 3792 differentiis
1219 3755 1306 3790 etcum
1318 3758 1373 3790 arcu
1383 3741 1455 3788 mini·

171 3810 204 3856 tia
215 3809 274 3857 inter
284 3821 377 3870 tempus
388 3822 508 3872 sumptum
520 3814 623 3860 abinitio
630 3811 708 3859 mottis
716 3811 797 3872 puncti
828 3825 869 3856 mo
882 3809 907 3857 K
921 3811 948 3856 H
958 3810 1102 3872 triangulum
1119 3808 1243 3855 constituet
1253 3806 1328 3854 simile
1338 3805 1456 3868 triangulo
1538 3833 1542 3840 ·

172 3873 196 3920 E
207 3883 231 3920 et
241 3886 333 3935 tempus
343 3886 463 3936 sumptum
474 3879 503 3924 ab
513 3877 579 3923 initio
590 3877 667 3923 motirs
677 3877 757 3936 puncti
769 3875 796 3931 F,
830 3873 909 3920 lon.
945 3875 991 3920 Est
1007 3874 1079 3935 igitur
1094 3873 1117 3920 L
1129 3873 1153 3919 N
1169 3872 1199 3919 ad
1217 3871 1242 3918 K
1255 3871 1290 3928 H,
1309 3880 1337 3918 ut
1354 3871 1367 3918 1
1381 3871 1409 3918 M
1425 3870 1456 3917 ad

171 3947 207 3984 est
216 3947 308 3998 tempos
318 3939 378 3985 illud
388 3941 450 4000 quod
462 3940 545 4001 pulsus
555 3940 726 3988 transferturab
735 3940 758 3986 E
767 3939 798 3988 ad
833 3937 845 3984 Ι
861 3938 884 3984 0
896 3951 937 3984 seu
949 3939 973 3985 0
987 3937 1015 3984 Ρ.
1506 3970 1508 3978 ,

172 4001 201 4048 F.
238 4003 316 4056 Quare
326 4006 346 4050 si
358 4007 381 4052 P
391 4007 421 4051 H
429 4009 463 4055 uel
475 4007 497 4052 P
508 4007 538 4053 H
546 4008 586 4052 Sir
597 4014 693 4066 exponat
707 4015 797 4066 tempus
863 4000 897 4065 (‘)
910 4005 924 4032 ⁸
937 4004 971 4050 Et
982 4003 1085 4049 KHad
1096 4003 1121 4049 Ε
1135 4003 1155 4050 G
1168 4003 1220 4064 (per
1231 3999 1297 4074 Hyp.
1311 3999 1411 4074 appra).

169 4068 199 4112 ab
215 4069 278 4114 initio
294 4066 369 4114 nuntiis
381 4071 468 4128 puncti
484 4070 516 4125 E,
530 4072 552 4116 P
562 4071 579 4116 Ῑ
586 4071 621 4117 vel
632 4072 655 4117 P
665 4071 696 4116 Η
703 4071 748 4120 SI,
760 4084 797 4114 ec·
863 4065 921 4128 (41)*
940 4069 971 4114 Ut
986 4069 1040 4114 ΟΡ
1054 4069 1085 4112 ad
1101 4067 1124 4110 V.
1160 4065 1221 4110 Sunt
1236 4078 1298 4109 emm
1315 4063 1455 4110 circulorum

167 4139 236 4190 ponet
246 4139 335 4191 tempus
345 4134 373 4178 ab
384 4135 451 4179 initio
461 4131 536 4180 marris
543 4135 629 4194 pmncti
639 4135 667 4188 1¹⁸,
680 4147 735 4179 cum
747 4130 796 4178 HI
828 4129 964 4188 peripheria
982 4129 1042 4176 PH
1055 4130 1073 4176 S
1084 4129 1141 4177 Pet
1154 4129 1175 4175 B
1189 4126 1292 4175 credits
1302 4128 1351 4175 suis
1364 4127 1387 4172 Ο
1400 4126 1456 4172 Pet

170 4193 208 4239 vel
218 4194 235 4238 h
245 4193 254 4239 i
264 4203 365 4254 exponat
375 4194 530 4241 differentiam
541 4197 601 4243 inter
612 4206 704 4255 tempus
710 4198 739 4242 ab
752 4195 797 4240 ini·
831 4192 854 4238 V
866 4193 1054 4252 proportionales.

169 4257 205 4303 tio
215 4257 293 4304 motus
304 4259 384 4317 puncti
403 4259 434 4315 E,
455 4268 479 4306 et
490 4268 585 4322 tempus
594 4263 624 4308 ab
635 4259 701 4308 initio
716 4258 798 4307 similis
859 4256 898 4320 ξ’)
911 4261 925 4288 ⁸
941 4259 975 4306 ¹Ut
996 4259 1057 4304 V·-
1067 4260 1086 4304 I
1093 4258 1125 4304 M
1137 4259 1167 4302 ad
1189 4257 1215 4302 V.
1251 4255 1315 4310 Quia
1334 4252 1396 4299 enim
1414 4251 1454 4316 (ex

134 4320 436 4380 ·motfrspunctiF,&c.
1039 4319 1207 4376 EGxIM
1252 4359 1258 4369 .

203 4383 238 4448 (Υ)
252 4389 265 4416 *
277 4389 389 4448 AEqaaler
405 4387 523 4448 requetio?
539 4391 591 4451 (per
602 4389 672 4449 Prop.
686 4386 747 4434 LII.
761 4386 798 4433 rel
830 4359 907 4421 dm)
920 4359 943 4406 1¹
955 4360 979 4408 N
990 4380 1024 4404 =
1112 4397 1135 4442 v
1177 4402 1181 4410 ·
1210 4357 1302 4416 ’ΜΕ
1316 4357 1339 4403 G
1349 4381 1383 4394 '¹'
1395 4355 1417 4401 L
1430 4354 1455 4402 N

171 4449 465 4511 xxxvur.1„ia1.).
880 4460 1235 4518 νχΕρ-ῐΜχΕο
1306 4496 1312 4508 ,

202 4512 238 4572 (²)
253 4517 265 4542 ⁴
278 4517 320 4560 Sed
331 4534 370 4575 ιγ
386 4524 419 4562 est
431 4517 528 4564 larunda
546 4533 587 4564 sea
603 4518 708 4578 ecpmuio
724 4517 799 4576 parra
830 4519 866 4546 Ε
1049 4539 1071 4585 V
1235 4508 1279 4554 ’⁰⁸
1289 4495 1375 4544 lunen
1389 4495 1413 4542 θ
1423 4519 1456 4537 ““

168 4579 240 4623 medii
252 4579 277 4624 Ε
284 4581 319 4652 ,6,
331 4581 357 4625 in
367 4581 414 4627 loeo
426 4599 434 4626 r
446 4601 470 4640 γ,
482 4581 538 4641 quie
545 4590 660 4655 punctum
671 4580 693 4625 E
703 4578 799 4626 transle—
836 4603 856 4649 L
868 4603 894 4649 N
905 4601 934 4648 ad
948 4603 970 4649 Ε
985 4603 1007 4650 G
1019 4612 1046 4650 u,
1057 4603 1081 4648 v
1092 4629 1124 4642 -
1137 4602 1149 4647 1
1163 4601 1192 4648 M
1202 4599 1232 4646 ,d
1245 4599 1275 4645 v·
1306 4598 1340 4645 Et
1351 4597 1457 4644 simffim.

167 4649 268 4687 tumeat
283 4656 307 4687 in
324 4642 433 4700 locumr,
450 4653 597 4704 etpunctum
611 4643 797 4711 Grnlocumy.
831 4670 863 4713 nb
877 4660 1456 4728 1¹N=1nstt1M=imstthG÷1n

200 4723 356 4787 (¹)·Aa1r
376 4729 405 4777 G.
440 4729 505 4775 Nam
526 4727 583 4776 cbm
606 4731 638 4786 E,
660 4729 688 4785 F,
711 4730 732 4776 G
754 4729 801 4774 sint
832 4727 1193 4795 auEGutv-l-imadv.
