3434 5500
196 439 308 508 ιω
321 442 489 519 sucosa]
536 441 776 506 amusium
804 395 1170 523 unrunurmcs.
1404 453 1461 514 reu

192 612 357 702 posito„(¹)
370 624 408 677 nt
420 610 514 678 medii
527 611 679 698 propositi
692 611 826 679 densitas
839 613 1005 678 mediocris
1013 615 1093 680 inter
1100 597 1158 678 bos
1167 611 1298 680 cuculos
1311 615 1463 694 admedii,

192 721 310 807 dequo
323 719 454 806 egimus,
476 718 660 782 densitatem
680 719 869 782 mediocrem
889 720 970 784 inter
983 720 1108 786 eosdem
1123 719 1215 808 quam
1228 719 1389 804 proximis:
1410 719 1465 786 sed

194 838 227 890 et
241 827 274 890 in
287 824 397 889 eadem
410 846 534 910 qnoque
546 824 666 889 ratione
681 846 748 888 esse
769 835 924 889 secantem
945 825 1051 914 anguli
1071 846 1134 912 quo
1155 825 1276 910 spinalis
1300 827 1463 914 praefinita,

192 933 228 996 in
240 931 344 994 medio
357 930 398 994 de
412 952 474 1016 quo
495 929 625 1016 egimus,
648 941 731 994 secat
744 929 867 993 radium
881 931 913 994 A
929 932 962 1008 S,
984 931 1024 995 ad
1040 943 1191 996 secantem
1206 931 1312 1019 anguli
1326 954 1389 1019 qno
1403 933 1465 1017 spi·
1539 983 1541 985 .

192 1038 266 1104 ralis
279 1059 360 1101 nova
381 1047 465 1099 secat
484 1036 606 1099 radium
624 1036 758 1101 eundem
770 1037 804 1099 in
818 1037 921 1100 medio
942 1039 1117 1122 proposito:
1141 1038 1188 1124 (Ψ)
1203 1052 1295 1124 atque
1315 1040 1408 1103 etiam
1430 1051 1465 1105 ut

192 1127 265 1208 sunt
289 1143 468 1208 eorumdem
496 1143 681 1230 angulorum
709 1156 871 1232 tangentes
899 1145 943 1208 ita
972 1169 1038 1210 esse
1066 1169 1211 1211 numeros
1238 1148 1464 1212 revolutionum

191 1250 332 1315 omnium
344 1250 425 1314 inter
438 1250 569 1313 cuculos
584 1249 709 1314 eosdem
723 1249 803 1314 duos
817 1274 910 1337 quam
925 1251 1076 1336 proxime.
1121 1254 1160 1337 (¹²)
1173 1254 1207 1319 Si
1220 1254 1289 1318 baec
1302 1255 1379 1320 fiant
1392 1278 1463 1339 pas-
1487 1303 1494 1316 .,

192 1357 250 1420 sim
264 1356 346 1419 inter
358 1356 488 1420 cuculos
501 1341 603 1430 binos,
619 1356 850 1421 continuabitur
864 1370 965 1422 motus
979 1381 1037 1442 per
1050 1359 1182 1424 circulos
1197 1383 1314 1425 omnes.
1358 1364 1463 1448 Atque

190 1464 251 1539 boc
264 1474 358 1547 pacto
371 1461 456 1544 baud
470 1462 633 1528 difficulter
646 1464 808 1549 imaginari
821 1487 984 1549 possumus
999 1467 1110 1552 quibus
1119 1468 1219 1533 modis
1228 1491 1265 1533 ac
1273 1472 1465 1554 temporibus

190 1589 324 1653 corpora
336 1569 370 1632 in
383 1568 487 1632 medio
501 1591 686 1655 quocunque
700 1570 834 1657 regulari
847 1572 952 1657 gyrari
967 1571 1133 1638 debebunt.

234 1677 374 1740 Canta.
390 1674 433 1739 Et
440 1674 578 1760 quamvis
585 1687 688 1739 motus
698 1675 866 1739 excentrici
875 1677 908 1739 in
920 1675 1082 1760 spiralibus
1096 1681 1133 1762 (⁰)
1140 1679 1180 1743 ad
1190 1679 1320 1745 formam
1329 1681 1463 1747 cvalinm

190 1785 407 1850 accedentibus
420 1795 609 1874 peragantur
616 1808 626 1860 3
649 1797 754 1848 tamen
776 1784 980 1873 concipiendo
1004 1787 1162 1870 spiralium
1182 1788 1304 1852 illarum
1325 1791 1462 1875 singulas

189 1891 395 1957 revolutiones
409 1890 519 1954 iisdem
530 1890 570 1953 ab
583 1889 715 1953 invicem
729 1890 895 1954 intervallis
917 1891 1040 1970 distare,
1064 1893 1232 1979 iisdemque
1252 1895 1399 1981 gradibus
1420 1896 1462 1959 ad

190 1999 330 2063 centrum
354 1997 500 2061 accedere
522 2019 594 2060 cum
615 1996 720 2080 spirali
741 1997 882 2082 superius
903 1997 1067 2083 descripti,
1095 1999 1134 2083 (Ρ)
1149 1999 1354 2087 intelligemus
1369 2003 1461 2066 etiam

189 2105 345 2193 quomodo
359 2115 460 2167 motus
474 2124 639 2187 corporum
654 2103 687 2166 in
700 2103 881 2188 hujusmodi
897 2095 1059 2189 spiralibus
1073 2118 1270 2193 peragantur.

409 2273 690 2342 PROPOSITIO
712 2274 805 2340 XVI.
849 2273 1118 2341 THEOREMA
1140 2276 1240 2353 XIII.
1355 2365 1361 2372 .

187 2407 222 2473 Si
229 2405 321 2468 medii
329 2404 460 2466 densitas
469 2403 502 2464 in
512 2401 584 2464 locis
591 2400 715 2484 singedis
722 2401 763 2464 sit
772 2397 1119 2482 reciprocdutdistantz'a
1130 2405 1396 2465 locorumacentro
1405 2403 1460 2464 im-

228 2514 340 2589 mobili,
355 2522 450 2595 satque
464 2511 508 2596 qis
521 2511 686 2592 centrqata
699 2505 849 2591 recaproce*
857 2519 892 2571 ut
906 2511 1040 2592 dignitas
1054 2509 1191 2592 qualibet
1205 2508 1329 2591 qjusdem
1343 2511 1459 2572 datan-

227 2619 304 2680 tia.-
326 2618 392 2679 dico
406 2618 484 2698 quod
496 2635 603 2698 corpus
611 2615 724 2698 gyrari
730 2623 831 2696 potest
843 2613 877 2676 in
891 2613 999 2698 spirali
1020 2635 1086 2700 quae
1105 2613 1208 2679 radios
1216 2635 1313 2680 carnes
1325 2635 1346 2676 a
1359 2623 1459 2678 centro

228 2729 284 2791 illo
298 2729 398 2791 ductos
412 2728 568 2791 intersecat
582 2725 615 2787 in
629 2723 739 2807 angulo
755 2722 840 2785 doto.
1315 2704 1318 2716 ’

215 2853 457 2917 Demonstratur
464 2848 641 2913 addemme·

79 2992 82 2995 ⁴
186 2956 363 3022 thodocum
370 2954 641 3044 Propositioncsu·

185 3065 317 3149 periore.
362 3064 447 3129 Nam
462 3062 490 3127 si
503 3062 548 3126 vis
570 3082 641 3125 cen·

185 3172 298 3255 tripeta
317 3170 354 3233 in
374 3171 402 3235 P
423 3168 463 3233 sit
482 3164 641 3270 qeciproce

184 3290 221 3344 ut
232 3278 389 3342 distantiae
405 3277 429 3340 S
445 3276 481 3353 P,
506 3274 640 3363 dignitas
750 3351 752 3353 V

186 3385 331 3471 quaelibet
341 3386 364 3449 S
376 3384 403 3449 P
416 3392 432 3421 ⁸
442 3381 485 3428 41
498 3383 584 3467 cujus
593 3380 641 3444 in·
685 3364 741 3453 21²,

186 3490 247 3555 dex
261 3501 309 3554 est
322 3512 344 3553 n
360 3500 392 3565 4-
410 3498 447 3553 1:
463 3490 502 3574 (ἢ)
514 3487 641 3573 collige-
751 3490 754 3498 ¹

185 3607 236 3661 tur
250 3609 398 3679 utsupra,
413 3594 639 3683 qubdtempus,
721 3614 758 3675 v

186 3725 249 3791 quo
280 3725 393 3787 corpus
422 3701 568 3767 describit
590 3722 642 3768 ar·

102 3796 116 3807 ⁹
184 3800 256 3873 cum
271 3808 410 3895 quemvis
425 3810 454 3873 P
468 3808 501 3884 Q
509 3829 518 3883 3
533 3807 592 3878 erit
605 3817 641 3871 ut

185 3916 261 3991 PQ
281 3930 308 3981 Χ
331 3901 481 3991 PSI¹¹3
504 3914 640 3978 etresis·

216 4062 247 4129 (¹)
260 4066 273 4094 ¹
291 4065 324 4111 m
333 4062 403 4109 meua
413 4060 522 4123 proposui
534 4060 633 4107 renuas
649 4058 702 4120 (per
713 4056 767 4104 eor.
779 4061 802 4103 6.
869 4054 903 4119 (⁰)
916 4059 929 4086 *
942 4056 981 4103 Ad
990 4055 1099 4117 jbrmum
1117 4057 1215 4103 coelium
1233 4056 1393 4111 accedentum,
1410 4055 1452 4103 tc.

183 4126 266 4191 bajus)
284 4124 438 4185 supponendo
455 4123 549 4182 spitales
567 4120 742 4182 logaritbmins
764 4133 806 4178 per
838 4118 900 4165 Sunt
910 4118 972 4166 enim
981 4118 1075 4178 spitales
1085 4132 1182 4179 quarum
1193 4117 1347 4166 revolutiones
1358 4118 1455 4180 singula

183 4200 272 4251 puncta
281 4190 312 4241 Δ,
326 4190 355 4244 Β,
368 4188 395 4243 C,
405 4187 438 4242 D,
449 4186 474 4231 in
481 4195 580 4246 unoque
587 4183 664 4231 medio
674 4182 803 4241 descriptas.
837 4181 886 4228 ferd
901 4182 1051 4231 concentrIcae
1066 4191 1121 4227 sunt
1131 4190 1155 4227 et
1165 4181 1193 4225 ad
1204 4181 1302 4227 somnam
1316 4180 1456 4229 circulorum

215 4253 277 4317 (Ὗ
284 4250 577 4311 Αεᾳιιὲετὶωηιιτηιηι,8ιο.
593 4245 804 4306 PerCor.6.hnjus.
838 4244 966 4301 accedunt;
978 4244 1075 4290 aliarum
1086 4244 1239 4290 revolutiones
1249 4244 1361 4291 accedunt
1369 4244 1399 4291 ad
1408 4244 1455 4290 ior·

215 4316 251 4381 (¹)
264 4319 277 4346 ⁸⁸
290 4318 316 4362 Si
330 4317 378 4361 lactc
385 4316 451 4383 fluat
463 4314 548 4373 possim
558 4314 618 4357 inter
627 4312 723 4358 cirmlos
732 4311 802 4366 binos,
833 4323 899 4355 maru
917 4306 1018 4353 ovalium
1037 4316 1115 4354 centro
1131 4307 1221 4367 spinalis
1235 4323 1279 4368 pro
1299 4308 1403 4369 ellipseos
1418 4305 1455 4353 vel

182 4378 312 4426 invenietur
322 4376 348 4423 in
358 4375 437 4422 medio
446 4373 547 4435 regulari
554 4372 593 4419 lex
603 4370 651 4434 qni
661 4380 739 4419 motus
749 4386 804 4417 con·
835 4371 907 4418 ovalis
916 4370 969 4417 loco
979 4379 1079 4430 accepto.

182 4442 311 4490 tinuabitnr
320 4456 363 4501 per
370 4438 468 4487 circulos
475 4452 563 4495 omnes,
574 4435 695 4495 seue'nter
705 4434 803 4481 circulos
866 4434 900 4497 (Ρ)
913 4436 926 4464 *
938 4436 1092 4495 Imettigemus
1107 4435 1175 4493 etium
1192 4432 1265 4498 (utin
1278 4432 1331 4481 Cor.
1345 4431 1381 4492 8.)
1398 4448 1456 4495 quo-

181 4520 269 4562 omnes‚
288 4501 487 4567 quemadmodum
502 4497 600 4546 inventis
614 4498 728 4559 prioribus
737 4497 803 4543 seriei
834 4497 907 4552 mods),
919 4498 954 4543 &r

180 4568 293 4631 regularis
308 4565 420 4620 terminis,
438 4563 584 4626 cognoscunt
593 4562 632 4611 lex
641 4559 802 4627 quampro-
866 4555 901 4624 (ἢ)
913 4565 927 4591 ⁰
938 4562 1061 4621 eotltguar
1075 4569 1104 4609 ut
1119 4558 1198 4623 mpod,
1218 4560 1260 4607 &a
1296 4558 1457 4620 Quaecumque
1493 4610 1495 4615 Α
1518 4554 1524 4569 '

180 4626 556 4695 moliturntqrtlltoepatltsltcs
833 4624 898 4673 enim
912 4622 942 4672 sit
957 4624 991 4671 ris
1006 4622 1142 4687 centripeta,
1158 4620 1340 4673 illaestadvim
1350 4620 1458 4671 resisten-
