3434 5500
265 450 326 507 134
592 441 1228 548 PHILOSOPHIAENATURALIS
1275 446 1386 524 [Mor.
1400 445 1552 510 Coenon.

308 618 406 680 Corol.
423 623 453 679 5.
500 614 639 679 Proinde
654 638 767 700 corpus
782 615 867 701 quod
883 615 1026 700 specifice
1041 617 1166 702 gravius
1181 627 1229 680 est
1244 617 1339 702 qudm
1347 617 1479 682 fluidum
1494 597 1554 681 sibi

263 727 456 812 contignum,
473 725 657 804 subsidebit,
674 739 705 791 et
720 729 805 812 quod
821 726 965 811 specifice
979 726 1078 789 levius
1093 737 1140 790 est
1155 726 1309 802 ascendet,
1326 738 1507 811 motumque
1522 739 1555 790 et

261 837 373 922 figurae
394 836 599 901 mutationem
621 850 837 922 consequetur,
863 848 1013 921 quantum
1036 856 1180 898 excessus
1194 833 1246 898 ille
1261 833 1310 898 vel
1326 834 1464 897 defectus
1480 856 1554 920 gra·

261 945 363 1018 vitatis
378 945 501 1010 efficere
515 945 623 1029 possit.
669 946 814 1030 Namque
835 967 980 1008 excessus
1001 944 1054 1007 ille
1068 944 1118 1008 vel
1132 942 1270 1007 defectus
1290 945 1445 1007 rationem
1458 945 1554 1009 habet

261 1053 424 1138 impulsus,
442 1077 505 1141 quo
519 1046 644 1138 corpus,
667 1055 743 1118 alias
758 1061 792 1116 in
806 1055 981 1139 aequih'brio
996 1075 1068 1117 cum
1078 1053 1167 1117 fluidi
1180 1054 1322 1139 partibus
1338 1055 1551 1132 constitutum,

261 1176 410 1248 urgetur3
432 1174 464 1224 et
478 1161 653 1245 comparari
671 1172 775 1244 potest
790 1183 862 1224 cum
877 1183 1007 1224 excessu
1029 1160 1079 1224 vel
1101 1160 1225 1226 defectu
1246 1161 1395 1244 ponderis
1410 1162 1443 1223 in
1464 1139 1553 1226 lance

263 1269 410 1332 alterutra
423 1268 521 1332 librae.

307 1381 404 1443 Corol.
420 1389 451 1444 6.
497 1379 676 1463 Corporum
690 1379 787 1465 igitur
800 1380 834 1442 in
844 1379 949 1443 fluidis
965 1378 1205 1442 constitutorum
1220 1378 1341 1463 duplex
1350 1389 1398 1442 est
1406 1379 1550 1464 gravitas,

262 1490 358 1552 altera
372 1511 447 1552 vera
461 1501 492 1552 et
507 1489 659 1566 absoluta,
675 1489 773 1552 altera
787 1511 951 1572 apparens,
975 1488 1112 1575 vulgaris
1127 1500 1159 1551 et
1174 1488 1394 1571 comparativa.
1441 1488 1553 1552 Gravi-

261 1611 308 1659 tas
328 1594 472 1658 absoluta
486 1608 533 1659 est
546 1596 593 1658 vis
607 1607 674 1660 tota
688 1595 749 1681 qud
765 1617 879 1680 corpus
901 1596 1049 1659 deorsum
1071 1595 1189 1658 tendit:
1214 1595 1342 1658 relativa
1364 1606 1396 1658 et
1417 1595 1553 1681 vulgaris

261 1716 308 1769 est
332 1726 477 1770 excessus
499 1707 659 1794 gravitatis
681 1729 745 1792 quo
766 1727 880 1789 corpus
902 1705 1001 1791 magis
1022 1704 1123 1768 tendit
1144 1703 1292 1767 deorsum
1314 1726 1409 1789 quam
1422 1704 1553 1768 fluidrnn

261 1813 411 1877 ambiens.
457 1813 577 1877 Prioris
592 1813 715 1900 generis
726 1812 878 1900 gravitate
892 1823 997 1895 partes
1012 1810 1183 1874 fluidorum
1192 1822 1400 1894 etcorporum
1414 1811 1553 1873 omnium

260 1923 417 2010 gravitant
432 1923 465 1984 in
480 1922 559 1987 locis
574 1923 657 1986 suis:
680 1923 815 2008 ideoque
831 1921 1003 2005 conjunctis
1018 1918 1209 2004 ponderibus
1224 1931 1417 2003 componunt
1430 1919 1553 2005 pondus

261 2030 365 2092 totius.
412 2030 496 2091 Nam
511 2041 612 2092 totum
627 2051 721 2092 omne
734 2051 831 2116 grave
846 2039 903 2105 est,
927 2029 1010 2091 utin
1024 2029 1105 2092 vasis
1120 2027 1278 2113 liquorum
1300 2027 1402 2110 plenis
1418 2027 1552 2112 experiri

259 2138 349 2212 licet;
375 2150 406 2201 et
419 2138 544 2221 pondus
559 2139 655 2207 totius
675 2139 797 2225 aequale
811 2150 859 2202 est
873 2137 1065 2222 ponderibus
1088 2138 1228 2200 omnium
1249 2137 1396 2220 partium,
1420 2135 1553 2235 idedque

260 2266 301 2306 ex
311 2244 423 2308 iisdem
434 2245 643 2329 componitur.
688 2244 828 2310 Alterius
850 2245 975 2332 generis
997 2245 1150 2331 gravitate
1172 2265 1305 2327 corpora
1319 2265 1384 2307 non
1398 2242 1553 2330 gravitant
1667 2235 1672 2241 ¹

259 2352 293 2413 in
316 2352 393 2416 locis
418 2353 492 2432 suis,
522 2354 556 2417 id
582 2367 639 2433 est,
666 2357 748 2419 inter
770 2377 804 2419 se
826 2355 939 2418 collata
960 2376 1025 2416 non
1047 2367 1256 2442 praegravant,
1288 2354 1343 2417 sed
1373 2365 1497 2416 mutuos
1512 2352 1553 2414 ad

259 2459 514 2527 descendendum
529 2476 658 2529 conatus
673 2463 876 2548 impedientia
889 2473 1074 2546 permanent
1087 2462 1122 2523 in
1136 2460 1213 2523 locis
1229 2460 1301 2536 suis,
1325 2459 1456 2543 perinde
1472 2481 1507 2520 ac
1523 2458 1552 2520 si

258 2569 367 2652 gravia
380 2591 445 2633 non
467 2583 580 2635 essent.
626 2569 709 2645 Quae
723 2571 757 2632 in
768 2573 846 2634 'aere
859 2581 933 2633 sunt
948 2580 980 2632 et
993 2590 1058 2630 non
1081 2579 1288 2654 praegravant,
1312 2566 1424 2652 vulgus
1446 2565 1553 2652 gravia

258 2696 323 2736 non
333 2675 463 2760 judicat.
511 2676 594 2752 Quae
608 2689 808 2765 praegravant
821 2677 934 2763 vulgus
948 2675 1056 2763 gravia
1065 2674 1195 2760 judicat,
1213 2673 1365 2761 qudtenus
1380 2673 1460 2738 aeris
1474 2697 1553 2759 pon·

258 2782 334 2846 dere
348 2806 413 2847 non
428 2788 630 2854 sustinentur.
677 2787 825 2851 Pondera
839 2786 925 2873 vulgi
939 2786 1019 2849 nihil
1030 2786 1115 2849 aliud
1130 2799 1202 2850 sunt
1217 2786 1311 2872 quam
1333 2809 1478 2850 excessus
1499 2808 1553 2849 vc·

258 2914 365 2956 rorum
379 2894 557 2978 ponderum
572 2919 667 2981 supra
680 2897 806 2981 pondus
820 2897 911 2960 acris.
958 2896 1054 2961 Unde
1068 2907 1100 2959 et
1114 2895 1209 2983 vulgb
1224 2896 1370 2959 dicuntur
1381 2896 1471 2972 levia,
1482 2917 1553 2980 quae

258 3009 331 3061 sunt
344 3001 448 3065 minus
462 3002 579 3089 gravia,
596 3004 722 3089 aerique
736 3003 948 3091 praegravanti
962 3003 1104 3067 cedendo
1119 3003 1281 3087 superiora
1294 3016 1415 3087 petunt.
1456 3002 1552 3067 Com-

256 3106 395 3188 parative
410 3106 490 3172 levia
507 3121 590 3188 sunt,
606 3131 672 3173 non
686 3110 770 3187 vere,
788 3110 861 3195 quia
875 3110 1071 3174 descendunt
1084 3111 1117 3172 in
1133 3132 1241 3175 vacue.
1288 3110 1341 3175 Sic
1363 3124 1395 3175 et
1416 3112 1449 3174 in
1470 3110 1551 3197 aquai

257 3237 399 3299 corpora,
417 3240 488 3302 quae
499 3220 541 3282 ob
555 3220 706 3312 majorem
721 3220 771 3283 vel
785 3220 939 3283 minorem
958 3220 1142 3306 gravitatem
1157 3220 1350 3283 descendunt
1374 3220 1423 3283 vel
1444 3243 1552 3284 ascen-

256 3323 345 3401 dunt,
369 3337 442 3389 sunt
465 3327 674 3411 comparative
689 3341 721 3393 et
735 3342 923 3413 apparenter
944 3329 1053 3416 gravia
1067 3328 1117 3392 vel
1132 3328 1221 3406 levia,
1246 3341 1401 3393 eteorum
1414 3331 1551 3415 gravitas

256 3430 306 3495 vel
326 3433 435 3497 levitas
458 3438 669 3521 comparativa
690 3450 722 3501 et
744 3460 899 3522 apparens
921 3450 969 3502 est
990 3460 1134 3502 excessus
1157 3437 1207 3501 vel
1229 3437 1366 3502 defectus
1393 3462 1456 3524 quo
1476 3462 1552 3503 vera

256 3564 365 3605 eorum
387 3544 522 3629 gravitas
537 3545 588 3610 vel
602 3559 727 3630 superat
747 3548 932 3633 gravitatem
954 3570 1053 3634 aquae,
1077 3546 1127 3611 vel
1141 3548 1182 3610 ab
1196 3546 1232 3610 ed
1248 3559 1420 3631 superatur.
1466 3549 1550 3624 Quae

255 3650 330 3713 verb
345 3673 404 3715 nec
418 3653 646 3740 praegravando
661 3655 866 3734 descendunt,
891 3679 950 3721 nec
970 3656 1180 3743 praegravanti
1202 3656 1344 3720 cedendo
1365 3658 1547 3737 ascendunt,

255 3863 334 3925 etin
349 3888 442 3930 sensu
463 3868 550 3955 vulgi
572 3890 635 3931 non
654 3870 813 3956 gravitaut
826 3870 860 3933 in
875 3869 966 3957 aqui.
1011 3871 1096 3935 Nam
1108 3871 1215 3935 similis
1230 3884 1277 3935 est
1290 3871 1405 3935 horum
1419 3894 1548 3935 casuum

255 3972 488 4039 demonstratio.
1505 4046 1513 4075 ⁸

299 4083 397 4146 Cerol.
415 4090 444 4151 7.
491 4085 576 4160 Quae
591 4086 631 4151 de
645 4088 797 4174 gravitate
819 4087 1083 4166 demonstrantur,
1110 4089 1252 4153 obtinent
1273 4089 1307 4151 in
1328 4087 1395 4153 aliis
1418 4088 1546 4173 quibus-

256 4214 379 4277 cunque
393 4193 510 4258 viribus
526 4197 716 4281 centripetis.

299 4304 400 4365 Corol.
417 4312 447 4365 8.
492 4303 630 4370 Proinde
646 4309 672 4371 si
685 4309 836 4386 medium,
849 4310 883 4373 in
898 4333 961 4396 quo
976 4333 1090 4395 corpus
1105 4310 1233 4396 aliquod
1254 4322 1406 4389 movetur,
1431 4332 1544 4397 urgea-

252 4424 304 4475 tur
318 4411 368 4475 vel
382 4434 401 4474 a
415 4412 567 4499 gravitate
581 4418 720 4501 propriis,
736 4420 786 4483 vel
802 4420 842 4483 ab
858 4419 918 4483 alit
935 4421 1119 4508 quicunque
1134 4424 1165 4484 vi
1180 4422 1361 4506 centripetd,
1386 4435 1416 4486 et
1430 4442 1545 4503 corpus

253 4522 293 4583 ab
308 4520 417 4586 eidem
432 4524 463 4585 vi
477 4537 626 4611 urgeatur
640 4528 767 4605 fortius3
795 4529 970 4595 differentia
984 4532 1096 4595 virium
1111 4544 1158 4595 est
1172 4533 1218 4595 vis
1233 4532 1287 4595 illa
1301 4533 1427 4609 motrix,
1450 4552 1545 4615 quam

208 4727 218 4734 „
251 4630 286 4693 in
308 4633 558 4715 praecedentibus
583 4637 857 4721 Propositionibns
881 4655 916 4706 ut
945 4644 1007 4705 vim
1038 4645 1241 4727 centripetam
1270 4642 1544 4712 consideravimus
