3434 5500
229 418 295 477 aaa
554 400 896 471 annosorum*
920 394 1192 463 aurursus
1250 348 1524 471 [aroucam.
1626 384 1631 391 ·

716 839 901 916 SECTIO
926 837 1037 913 VIII.

576 1054 638 1125 Dc
653 1018 747 1125 motu
758 1049 949 1147 perfluida
959 1055 1169 1143 propagato.

428 1315 713 1382 PROPosmo
735 1314 829 1379 XLI.
875 1306 1324 1377 THEOREMA.XXXII.

231 1490 360 1554 Pressio
372 1511 433 1553 non
448 1499 644 1572 propagatur
652 1510 712 1570 per
719 1490 855 1575 fluidum
869 1490 1024 1551 acuendum
1039 1488 1135 1550 lineos
1149 1493 1255 1562 rectas,
1279 1484 1341 1548 niti
1354 1480 1408 1550 cti
1418 1482 1524 1565 parti·

618 1585 693 1660 culce
702 1599 804 1685 fluidi
820 1598 853 1661 irr
869 1599 1012 1659 directum
1024 1594 1140 1678 jacent.

279 1766 314 1832 Si
330 1766 457 1852 jaceant
475 1766 639 1851 particulae
652 1789 682 1843 a,
697 1766 730 1844 b,
747 1786 774 1844 c,
790 1764 821 1843 d,
838 1764 904 1829 ein
918 1762 1000 1828 linei
1015 1760 1110 1839 recti,
1133 1768 1237 1845 potest
1258 1759 1384 1845 quidem
1405 1755 1526 1842 pressio

232 1872 352 1939 directe
373 1873 541 1959 propagari
561 1873 603 1936 ab
624 1896 644 1935 a
664 1872 761 1948 ad-e3
791 1884 824 1935 at
844 1870 997 1956 particula
1019 1893 1037 1935 e
1058 1868 1184 1955 urgebit
1207 1867 1375 1951 particulas
1400 1862 1526 1955 oblique

232 1982 352 2069 positas
366 1980 385 2044 f
392 1994 424 2045 et
437 2004 461 2067 g
474 1980 609 2065 oblique,
633 1992 665 2045 et
677 1980 839 2066 particulae
852 1979 917 2047 ille
930 1979 948 2042 f
956 1990 988 2044 et
1001 2000 1101 2065 gnon
1116 1976 1315 2044 sustinebunt
1333 1974 1527 2060 pressionem

234 2092 363 2167 illatam,
379 2091 439 2154 nisi
452 2091 620 2155 fulciantur
633 2114 653 2155 a
665 2090 825 2175 particulis
847 2088 1046 2154 ulterioribus

234 2192 259 2256 h
281 2205 315 2257 et
333 2194 373 2269 k;
402 2192 556 2280 quiteuus
576 2206 681 2258 autem
700 2193 881 2272 fulciuntur,
903 2204 1050 2279 premunt
1073 2198 1081 2208 ’

231 2300 405 2385 particulas
429 2300 610 2379 firlcientes3
635 2314 668 2367 et
687 2301 739 2365 hoe
763 2324 829 2365 non
854 2302 1050 2367 sustinebunt
1159 2295 1171 2369 ¹.

236 2408 430 2493 pressionem
450 2408 512 2472 nisi
532 2407 700 2474 fulciantur
720 2409 761 2474 ab
779 2408 977 2475 ulterioribus
991 2408 1004 2472 l
1018 2420 1050 2473 et

236 2538 270 2579 m
285 2539 398 2603 easque
411 2529 566 2601 premant,
582 2529 614 2581 et
625 2517 669 2581 sic
680 2517 827 2601 deinceps
838 2518 872 2581 in
882 2517 1048 2581 infinitum.

197 2617 200 2622 ⁴
240 2625 367 2689 Presaio
388 2625 494 2712 igitur,
521 2649 614 2711 quam
636 2628 773 2711 primum
796 2609 990 2715 propagatur
1010 2626 1051 2689 ad
1144 2635 1146 2640 '

237 2734 407 2818 particulas
423 2757 494 2820 quae
507 2757 573 2799 non
586 2736 620 2800 in
634 2725 788 2802 directum
796 2739 912 2823 jacent,
936 2735 1049 2802 divari-
1101 2781 1103 2786 ·
1159 2762 1165 2773 ’
1184 2770 1211 2801 Α

236 2850 310 2903 care
324 2839 452 2923 incipiet
466 2852 499 2904 et
512 2841 638 2928 oblique
657 2844 881 2932 propagabitur
894 2845 927 2910 in
946 2845 1051 2909 inlini·

238 2960 324 3023 tum3
340 2960 372 3011 et
384 2960 550 3036 postquam
564 2950 675 3034 incipit
687 2951 813 3037 oblique
826 2953 1005 3040 propagari,
1028 2951 1055 3016 si
1143 3001 1144 3004 ,

238 3056 387 3120 inciderit
410 3057 444 3122 in
466 3059 634 3143 particulas
657 3060 829 3139 ulteriores,
855 3083 928 3148 quae
952 3083 1018 3126 non
1041 3060 1251 3125 indirectum
1269 3059 1385 3145 jacent,
1416 3056 1532 3120 iterum

239 3161 437 3241 divaricabit3
461 3166 555 3252 idque
576 3167 678 3246 toties,
705 3169 830 3253 quoties-
844 3167 878 3232 in
899 3169 1066 3264 particulas
1086 3191 1152 3234 non
1166 3167 1310 3240 accurate
1324 3168 1358 3230 in
1372 3166 1526 3232 directum

236 3270 377 3355 jacentes
391 3273 542 3352 inciderit.
588 3274 631 3350 Q.
646 3297 674 3338 e.
689 3273 722 3338 d.
791 3317 796 3326 ·
1343 3341 1346 3354 y
1483 3267 1488 3275 ’

286 3383 385 3447 coru.
405 3385 449 3449 .Si
461 3385 639 3469 pressioris,
655 3408 675 3449 a
688 3385 763 3450 dato
776 3398 894 3471 puncto
908 3407 966 3470 per
979 3385 1111 3451 fluidum
1125 3395 1317 3472 propagata,
1328 3403 1413 3467 pars
1427 3379 1533 3467 aliqua

243 3491 404 3558 obstaculo
418 3494 632 3580 intercipiatur
640 3519 649 3571 3
671 3519 744 3580 pars
758 3496 887 3582 relique,
909 3517 979 3582 quae
994 3518 1059 3560 non
1072 3495 1276 3578 intercipitur,
1299 3487 1483 3556 divaricabit
1497 3487 1533 3550 in

242 3599 340 3693 spatia
367 3621 450 3683 pone
473 3602 683 3670 obstaculum.
728 3602 767 3666 Id
793 3603 879 3688 quod
909 3603 952 3666 sic
982 3603 1075 3666 etiam
1103 3600 1313 3678 demonstrari
1341 3607 1454 3682 potest.
1500 3595 1533 3660 A

242 3722 359 3791 puncto
370 3711 600 3800 Apropagetur
608 3713 729 3796 pressio
740 3685 998 3798 qudqubversinn,
1011 3713 1105 3797 idque
1121 3712 1148 3774 si
1162 3710 1230 3774 lieri
1245 3717 1349 3792 potest
1359 3703 1534 3770 secundum

242 3816 341 3881 lineas
362 3832 472 3898 rectas,
498 3833 530 3886 et
550 3821 713 3885 obstaculo
735 3823 768 3885 N
783 3822 812 3885 B
829 3822 857 3886 C
875 3821 907 3884 K
928 3820 1087 3904 perforato
1101 3820 1135 3882 in
1152 3819 1180 3883 B
1198 3819 1236 3896 C,
1259 3814 1472 3898 intercipiatur
1495 3833 1534 3874 ea

244 3923 356 4000 omnis,
384 3938 509 4008 praeter
521 3939 642 4011 partem
664 3927 867 3991 coniformem
889 3928 920 3990 A
937 3928 964 3991 P
981 3927 1023 4003 Q,
1047 3949 1118 4012 quae
1139 3947 1196 4010 per
1218 3925 1360 3987 foramen
1382 3918 1534 3985 circulare

244 4028 272 4092 B
289 4029 318 4092 C
340 4033 458 4097 transit.
505 4033 611 4097 Plania
631 4035 813 4098 transversis
832 4035 897 4112 de,
912 4034 969 4120 fg,
985 4033 1008 4096 h
1023 4034 1035 4096 i
1054 4035 1262 4120 distmguatur
1283 4054 1383 4096 conus
1407 4031 1439 4094 A
1455 4029 1482 4092 P
1500 4027 1534 4104 Q

241 4136 275 4198 in
289 4135 405 4212 frusta3
430 4150 463 4202 et
483 4139 602 4203 interea
623 4140 699 4203 dum
720 4163 816 4204 conus
833 4142 864 4204 A
881 4141 909 4204 B
925 4141 963 4217 C,
986 4141 1180 4223 pressionem
1199 4138 1417 4226 propagando,
1439 4147 1534 4220 urget

241 4239 376 4303 frustum
390 4241 533 4305 conicum
548 4243 677 4306 ulterius
691 4242 714 4306 d
728 4267 746 4306 e
759 4268 782 4330 g
795 4244 813 4306 f
828 4245 862 4306 in
884 4244 1046 4328 superficie
1068 4244 1090 4307 d
1105 4267 1133 4320 e,
1162 4255 1193 4308 et
1213 4243 1275 4306 hoc
1289 4243 1423 4306 frustum
1442 4236 1535 4328 urget

240 4343 374 4411 frustum
387 4347 568 4432 proximum
582 4349 631 4436 fg
645 4350 657 4411 i
670 4349 693 4411 h
707 4350 740 4411 in
755 4350 919 4434 superficie
934 4349 990 4437 fg,
1008 4361 1039 4412 et
1049 4349 1184 4414 frustum
1198 4349 1277 4412 illud
1293 4361 1384 4437 urget
1398 4348 1536 4412 frustum

241 4455 377 4532 tertium,
394 4468 426 4519 et
439 4455 485 4520 sic
499 4441 647 4539 deinceps
661 4457 693 4518 in
709 4457 884 4532 infinitum3
911 4456 1108 4520 manifestum
1130 4467 1178 4520 est
1200 4455 1389 4543 (per-,motis
1411 4456 1537 4542 Legem

241 4566 377 4646 tertiam)
400 4566 485 4652 quod
505 4566 638 4630 frustum
659 4568 796 4650 primum
817 4563 942 4652 degf,
966 4567 1121 4630 reactione
1143 4563 1234 4629 frusti
1255 4565 1387 4629 secundi
1407 4564 1457 4650 fg
1469 4571 1532 4642 i-h,

243 4681 365 4736 tanturn
378 4673 540 4760 urgebitur
553 4684 586 4737 et
598 4686 759 4758 premetur
780 4674 813 4736 in
833 4672 996 4756 superficie
1010 4673 1028 4736 l
1035 4696 1067 4759 g,
1091 4685 1244 4757 quantum
1263 4682 1357 4758 urget
1371 4683 1404 4737 ct
1417 4671 1538 4754 premit
