3434 5500
262 429 333 490 aa
522 407 529 417 ’
569 405 927 486 'rurnosorrum
950 416 1223 484 uaruaanrs
1272 415 1556 496 [macoma

260 594 292 657 A
308 593 337 656 B
353 603 384 655 et
401 590 433 653 K
452 590 477 654 L
492 585 603 676 quoad.
611 586 736 652 s'ensum
751 600 923 665 evanescat,
939 597 1059 650 et'vena
1069 607 1159 671 aquae
1172 585 1406 648 horizontaliter
1419 585 1553 648 exilien-

258 702 298 764 tis
313 701 447 786 figuram
465 697 676 782 parabolicam
697 696 856 760 efformet:
882 697 921 780 (³)
936 695 1089 759 exlatere
1103 706 1190 756 recto
1204 693 1296 776 hujue
1311 693 1469 776 parabolae
1484 691 1552 756 cul-

257 806 381 892 ligetur,
398 804 483 890 quod
498 805 644 870 velocitas
659 830 748 892 aquae
763 807 917 871 effluentis
931 829 969 870 ea
983 808 1024 870 sit
1037 829 1131 894 quam
1147 828 1261 888 corpus
1275 806 1316 869 ab
1330 827 1420 889 aquea
1434 807 1468 868 in
1477 829 1552 870 vase

258 912 429 997 stagnantis
455 911 620 974 altitudine
644 911 680 974 H
697 912 730 976 G
750 912 800 974 vel
822 912 889 976 IG
911 911 1053 976 cadendo
1072 911 1232 996 acquirere
1246 910 1405 1006 potuisset
1452 910 1557 988 Facto·

257 1019 365 1103 utique
380 1017 595 1100 experimento
610 1019 714 1081 inveni
729 1018 825 1104 quod,
851 1019 878 1082 si
900 1017 1032 1082 altitudo
1053 1039 1143 1102 aquae
1165 1017 1341 1102 stagnantis
1354 1038 1451 1099 supra
1466 1016 1551 1101 fora-
1588 1076 1609 1093 ,,

257 1146 330 1187 men
345 1134 426 1186 esset
439 1123 548 1209 viginti
563 1123 732 1208 digitorum
747 1133 779 1185 et
792 1121 930 1194 altitudo.
938 1120 1100 1186 foraminis
1122 1142 1217 1204 supra
1238 1121 1367 1209 planum
1388 1120 1545 1201 horizonti

236 1309 238 1318 Ι
257 1233 440 1318 parallelum
455 1247 536 1298 esset
551 1257 674 1320 quoque
698 1233 808 1320 viginti
822 1233 1002 1319 digitorum,
1025 1253 1104 1294 vena
1117 1252 1207 1317 aquae
1221 1230 1411 1313 prosilientis
1426 1230 1547 1293 incide-

258 1355 307 1406 ret
330 1344 363 1404 in
388 1342 517 1426 planum
543 1342 621 1406 illud
641 1342 879 1406 addistantiam
903 1343 1074 1428 digitorum
1092 1348 1132 1408 37
1157 1340 1280 1404 circiter
1294 1363 1312 1402 a
1326 1339 1551 1422 perpendiculo

259 1453 344 1538 quod
359 1453 392 1515 in
406 1453 537 1536 planum
550 1452 629 1515 illud
644 1476 663 1515 a
678 1451 829 1515 foramine
852 1451 1073 1536 demittebatur
1088 1461 1220 1533 captam.
1265 1449 1350 1512 Nam
1372 1448 1438 1517 siue
1459 1447 1551 1526 resis-

258 1560 364 1637 tentia,
380 1583 459 1624 vena
474 1561 512 1644 (²)
528 1561 666 1625 incidere
680 1560 839 1624 debuisset
853 1560 886 1622 in
901 1559 1030 1643 planum
1044 1559 1123 1637 illud
1132 1559 1172 1622 ad
1183 1557 1364 1622 distantiam·
1376 1557 1555 1643 digitorum·

209 1755 211 1762 Ι
258 1679 310 1745 40,
327 1672 477 1736 existente
489 1694 577 1735 venae
592 1671 780 1757 parabolicae
794 1671 891 1734 latere
906 1683 992 1734 recto
1006 1669 1175 1753 digitorum
1192 1678 1259 1732 80.Ι

305 1781 373 1844 Cos.
389 1791 420 1844 4.
471 1781 558 1857 Quin
574 1782 665 1846 etiam
682 1803 764 1866 aqua·
775 1777 916 1855 effluens,
940 1781 967 1842 si
982 1800 1106 1842 sursum
1120 1779 1252 1858 feratur,
1268 1776 1376 1841 cladem
1392 1778 1552 1864 egreditur

221 1865 226 1876 ,
258 1909 330 1950 cum
344 1889 517 1952 velocitate.
563 1889 714 1954 Ascendit
728 1889 810 1951 enim
827 1909 916 1972 aquae
931 1885 1084 1948 exilientis
1100 1907 1179 1948 vena
1192 1906 1288 1968 parva
1309 1896 1397 1946 motu
1414 1905 1552 1967 perpen-

258 1994 388 2058 diculari
404 1995 444 2058 ad
459 1989 549 2080 aquae
564 1995 598 2057 in
613 1989 1082 2080 'v'ase'stagnantis'altitudinem
1099 1991 1130 2053 G
1148 1990 1185 2053 H
1199 1989 1249 2052 vel
1265 1977 1298 2053 G
1313 1989 1340 2066 Ι,
1365 1990 1425 2051 nisi
1440 1992 1551 2074 quite-

154 2185 155 2190 *
257 2122 318 2163 nus
344 2122 489 2164 ascensus
515 2102 581 2184 ejus
607 2100 647 2163 ab
669 2101 749 2163 aeris
764 2097 955 2162 resistentib
971 2096 1196 2182 aliquantulum
1222 2094 1425 2186 impediatur3
1453 2097 1492 2178 (²)
1515 2119 1552 2158 ac

256 2205 391 2290 proinde
407 2205 442 2269 eti
458 2204 555 2270 effluit
570 2209 642 2269 curn
657 2204 819 2268 velocitate
834 2225 928 2289 quam
943 2203 983 2266 ab
997 2203 1162 2266 altitudine
1174 2200 1227 2264 illti
1238 2200 1379 2265 cadendo
1389 2201 1552 2285 acquirere

255 2312 434 2395 potuisset*
473 2313 576 2398 Aquae
589 2317 592 2322 '
607 2311 779 2398 stagnantis
812 2309 965 2401 particula
997 2330 1194 2395 unaquaeque
1226 2307 1364 2392 undique
1395 2309 1552 2390 premitur

257 2417 419 2504 aequaliter
433 2424 503 2504 (per
520 2419 616 2506 Prop.
632 2419 731 2482 XIX„
750 2416 821 2482 Lib.
839 2418 899 2497 ΙΙ.)
921 2429 954 2480 et
966 2416 1119 2500 pressioni
1133 2415 1274 2481 cedendo
1296 2412 1410 2497 aequali
1431 2414 1551 2498 impetu

255 2524 289 2587 in
305 2547 412 2590 omnes
427 2498 532 2610 parites
554 2526 661 2603 fertur,
689 2526 752 2590 sive
767 2527 936 2592 descendat
955 2549 1014 2610 per
1035 2526 1175 2589 foramen
1190 2525 1228 2586 in
1250 2523 1349 2588 fundo
1369 2524 1462 2601 vasis,
1486 2525 1552 2589 sive

255 2631 490 2698 hori'zontaliter
504 2633 609 2699 effluat
622 2658 680 2719 per
694 2635 834 2700 foramen
849 2637 883 2700 in
898 2637 964 2721 ejus
979 2635 1087 2712 latere,
1103 2636 1168 2700 sive
1180 2634 1358 2722 egrediatur
1366 2634 1400 2694 in
1410 2634 1550 2696 canalem

257 2753 288 2804 et
302 2740 376 2803 inde
391 2740 538 2804 ascendat
552 2764 609 2824 per
623 2741 763 2805 foramen
782 2765 915 2831 parvum
936 2743 978 2813 in,
992 2743 1153 2827 superiore
1174 2741 1289 2806 canalis
1313 2754 1402 2825 parte
1422 2739 1549 2805 factum.

261 2846 304 2909 Et
325 2846 521 2910 velocitatem
536 2845 597 2932 qud
613 2870 694 2935 aqua
716 2848 813 2913 effluit
834 2871 903 2911 earn
924 2871 1001 2925 esse,
1028 2830 1121 2933 quain
1136 2849 1170 2911 in
1183 2846 1243 2910 haic
1259 2846 1478 2930 Propositione
1500 2853 1550 2909 as·

258 3015 338 3079 (272),
356 3024 397 3063 ant
414 3016 477 3077 quod
493 3016 555 3063 idem
572 3025 614 3075 est,
631 3018 656 3063 in
670 3018 759 3065 ratione
770 3016 889 3077 duplicata
920 3028 993 3067 meter
1013 3020 1039 3067 D
1052 3020 1079 3067 H
1096 3035 1138 3067 reu
1157 3019 1270 3067 verticalis
1288 3018 1349 3068 BD
1365 3020 1479 3081 producta
1495 3022 1546 3080 (to.

257 3094 317 3125 arere
328 3079 444 3127 circuliE
459 3079 519 3127 Fad
532 3090 609 3139 aream
618 3082 698 3129 circuli
712 3084 775 3139 AB,
786 3079 888 3143 idedqua
921 3085 976 3131 Lib.
991 3084 1034 3143 1.),
1052 3078 1158 3144 capiatttr
1167 3084 1266 3132 abacista
1283 3086 1308 3132 D
1321 3086 1348 3131 H
1364 3084 1460 3145 aqualis
1470 3083 1550 3128 alrim-

257 3143 346 3190 siratio
359 3144 381 3190 E
395 3143 457 3191 Fad
470 3146 493 3190 A
507 3145 530 3191 B
540 3160 611 3204 parva
621 3146 658 3204 sit,
670 3146 747 3193 minor
757 3146 834 3193 adhuc
842 3146 886 3193 erit
919 3147 968 3194 dini
976 3148 1004 3194 -B
1018 3149 1050 3203 D,
1063 3150 1208 3210 duceturque
1218 3149 1324 3196 ordinata
1341 3148 1369 3194 H
1382 3148 1409 3203 Z,
1426 3162 1480 3208 quae
1496 3155 1548 3191 tan-

257 3206 316 3253 ratio
334 3207 347 3253 I
361 3207 388 3253 H
399 3207 454 3277 adi
469 3208 500 3267 G,
519 3217 542 3256 ct
559 3210 586 3256 H
601 3209 632 3267 G,
652 3210 665 3258 1
679 3210 781 3259 Gemut
791 3211 821 3258 ad
832 3225 884 3269 serr·
918 3212 982 3273 genti
996 3212 1021 3257 D
1035 3212 1057 3257 T
1067 3212 1177 3270 parallela
1191 3214 1251 3270 erit3
1268 3224 1292 3259 et
1302 3223 1470 3272 quo·tempore
1480 3220 1549 3270 gutta

257 3284 311 3318 sum
321 3270 430 3334 &qualet-
917 3290 984 3335 aque
995 3275 1018 3319 vi
1028 3275 1146 3336 gravitatis
1156 3277 1260 3323 cadendo
1271 3274 1422 3322 altitudinem
1438 3275 1460 3320 B
1474 3276 1500 3319 D
1512 3273 1549 3318 vel

923 3339 949 3385 D
959 3339 985 3384 H
997 3338 1104 3387 describit
1115 3341 1226 3387 uniformi
1236 3337 1278 3386 itta
1286 3338 1405 3385 velocitate
1413 3350 1485 3399 quam
1494 3352 1548 3382 casu

921 3418 963 3462 per
975 3405 997 3449 B
1010 3405 1036 3449 D
1046 3404 1173 3465 acquim'vit,
1185 3404 1294 3450 describit
1302 3400 1476 3463 longitudinem
1489 3402 1515 3446 H
1528 3400 1547 3445 Ζ

922 3466 994 3525 ipsius
1014 3468 1036 3514 Β
1055 3468 1084 3513 D
1099 3468 1136 3513 vel
1155 3469 1179 3514 D
1198 3468 1224 3512 H
1244 3466 1347 3526 duplam,
1367 3464 1485 3527 (eone.
1502 3464 1546 3523 l.).

922 3529 998 3577 Latus
1016 3541 1104 3577 rectum
1119 3531 1234 3589 parabola
1253 3531 1279 3576 D
1297 3530 1321 3575 N
1338 3530 1365 3585 Z,
1383 3526 1502 3587 pertinens
1518 3527 1549 3573 ad

921 3613 1059 3679 diametrum
1073 3634 1097 3679 D
1107 3632 1134 3679 H
1142 3643 1177 3679 est
1184 3594 1265 3718 ῌΒ-ξέ
1278 3630 1375 3695 (Theon
1387 3630 1408 3676 1.
1419 3629 1449 3675 de
1456 3628 1547 3689 parab.)

920 3734 1084 3797 ideoquecdm
1095 3736 1125 3782 eit
1137 3734 1163 3783 H
1177 3730 1550 3784 z=aDH=aBulatue

920 3810 1010 3845 rectum
1021 3809 1055 3845 eat
1066 3807 1082 3859 4
1095 3800 1116 3845 B
1130 3799 1161 3844 D.
1198 3800 1276 3861 Igitur
1286 3796 1386 3843 altitudo
1398 3797 1420 3842 B
1434 3795 1459 3842 D
1476 3807 1548 3855 quam

817 3893 819 3899 ·
920 3878 983 3923 aqua
998 3862 1101 3909 cadendo
1118 3862 1245 3908 describere
1266 3860 1334 3908 debet
1352 3869 1380 3905 ut
1401 3859 1549 3905 velocitatem

921 3928 1024 3987 acquirat
1033 3941 1087 3973 cum
1098 3924 1168 3987 quae
1179 3926 1230 3971 loco
1243 3926 1268 3971 D
1279 3920 1398 3979 exilit'est
1407 3932 1550 3983 quartapats

920 3988 1060 4036 laterisrecti
1067 3989 1097 4036 ad
1108 3988 1247 4036 diametrum
1259 3987 1284 4034 D
1296 3986 1322 4034 H
1334 3986 1450 4047 parabola
1458 3986 1485 4033 D
1494 3986 1519 4032 N
1528 3985 1549 4030 Ζ

920 4054 1063 4113 pertinentis.

916 4156 931 4192 ,·
956 4146 1399 4209 (²)’1acidaredebuirrctinplunum
1410 4148 1477 4192 illud.
1514 4142 1550 4191 Sit

922 4209 986 4255 enim
1002 4209 1102 4255 altitudo
1119 4211 1140 4257 B
1155 4210 1179 4255 D
1190 4230 1225 4255 =
1238 4210 1263 4256 D
1278 4210 1302 4255 H
1316 4209 1381 4269 digit
1396 4214 1435 4263 20,
1453 4216 1477 4253 et
1492 4207 1547 4268 quia

924 4274 947 4320 B
956 4273 981 4320 D
989 4282 1024 4319 eet
1033 4288 1085 4332 pars
1092 4283 1173 4334 quarta
1183 4273 1260 4319 lateris
1269 4274 1325 4320 recti
1334 4272 1448 4331 parabolae
1458 4272 1483 4317 D
1490 4272 1512 4317 N
1520 4270 1547 4323 Z,

808 4336 821 4345 “
922 4352 994 4398 quam
1004 4352 1065 4398 aqua
1074 4337 1124 4382 sine
1131 4336 1258 4383 resistentia
1264 4336 1408 4390 describeret,
1420 4334 1482 4381 latus
1489 4333 1549 4379 illud

265 4438 267 4442 ·
290 4426 324 4489 (a)
338 4429 351 4458 a
365 4428 403 4475 Ea,
413 4428 483 4473 lame
499 4434 560 4473 mlo
570 4428 769 4489 hnjmpamboloe'
806 4426 884 4486 Aquae
921 4410 1010 4447 rectum
1030 4409 1065 4446 est
1080 4400 1145 4461 digit.
1165 4407 1214 4461 80„
1223 4410 1247 4447 et
1263 4400 1368 4446 ordinata
1381 4399 1407 4445 H
1421 4399 1440 4444 Z
1452 4397 1549 4458 aequalis

257 4500 324 4552 gutta
335 4490 411 4537 eloco
424 4491 456 4546 D,
474 4487 604 4535 secuudum
619 4490 769 4538 directionem
784 4488 884 4551 queruli·
918 4465 975 4538 21)
989 4466 1015 4539 H
1031 4474 1066 4509 “t
1081 4464 1148 4525 digit.
1160 4464 1343 4539 ‘logdifferen'tia
1359 4462 1469 4537 sadigit.
1488 4462 1548 4507 inter

257 4557 296 4601 bet
315 4556 337 4601 D
349 4556 371 4601 'l'
388 4554 467 4600 exiliat
477 4568 531 4600 cum
543 4551 571 4599 eri
581 4553 701 4600 velocitate
716 4568 786 4616 quam
798 4568 839 4613 per
849 4553 884 4599 al·
919 4527 1039 4576 d¹⁸t³¹¹t¹⁹⁵
1049 4534 1125 4622 4⁰⁶⁴&
1136 4533 1175 4575 37'
1188 4527 1254 4590 ‘¹¹3¹ss
1273 4536 1407 4627 ‘ememus
1424 4524 1547 4573 mm&

257 4618 382 4665 titudinem
404 4620 425 4665 B
446 4619 470 4666 D
492 4616 596 4664 cadendo
618 4618 734 4679 acquirere
755 4626 837 4677 potest,
859 4624 884 4663 et
1070 4658 1075 4668 ,

257 4682 348 4728 sublata
367 4682 438 4727 medii
459 4679 594 4737 resistentib,
617 4680 729 4727 describat
750 4681 884 4741 parabolam
914 4697 917 4702 ’
951 4676 986 4740 (²)
1000 4681 1013 4707 ³
1026 4680 1063 4725 Ac
1071 4681 1168 4738 proinde
1177 4675 1205 4725 ed
1215 4680 1288 4741 effluit
1300 4693 1355 4725 cum
1366 4678 1483 4725 uelocitate
1494 4674 1543 4736 (25.

259 4746 285 4793 D
299 4746 322 4790 N
335 4747 361 4801 Z,
379 4746 532 4807 cujusvertex
553 4746 584 4801 D,
602 4754 700 4806 tangens
713 4744 737 4790 D
751 4745 884 4811 Tuetdia·
919 4741 1028 4789 assub.
1044 4742 1089 4798 l.)·
1168 4772 1171 4777 -
1209 4769 1214 4779 ·
