<?xml version="1.0" encoding="UTF-8"?>
<!DOCTYPE html PUBLIC "-//W3C//DTD XHTML 1.0 Transitional//EN"
    "http://www.w3.org/TR/xhtml1/DTD/xhtml1-transitional.dtd">
<html xmlns="http://www.w3.org/1999/xhtml" xml:lang="en" lang="en">
 <head>
  <title>
</title>
<meta http-equiv="Content-Type" content="text/html;charset=utf-8" />
  <meta name='ocr-system' content='tesseract 3.04.00' />
  <meta name='ocr-capabilities' content='ocr_page ocr_carea ocr_par ocr_line ocrx_word'/>
</head>
<body>
  <div class='ocr_page' id='page_1' title='image "./philosophinatur02wriggoog_0247.png"; bbox 0 0 3434 5500; ppageno 0'>
   <div class='ocr_carea' id='block_1_1' title="bbox 159 407 1450 504">
    <p class='ocr_par' dir='ltr' id='par_1_1' title="bbox 159 407 1450 504">
     <span class='ocr_line' id='line_1_1' title="bbox 159 407 1450 504; baseline 0.006 -16"><span class='ocrx_word' id='word_1_1' title='bbox 159 420 270 488; x_wconf 73' lang='lat' dir='ltr'><strong>Lmen</strong></span> <span class='ocrx_word' id='word_1_2' title='bbox 287 407 450 504; x_wconf 66' lang='lat' dir='ltr'><strong>Secura]</strong></span> <span class='ocrx_word' id='word_1_3' title='bbox 495 416 736 488; x_wconf 85' lang='lat' dir='ltr'>PRINCIPIA</span> <span class='ocrx_word' id='word_1_4' title='bbox 767 421 1139 492; x_wconf 80' lang='lat' dir='ltr'><strong>MATHEld-ATICA.</strong></span> <span class='ocrx_word' id='word_1_5' title='bbox 1380 437 1450 496; x_wconf 70' lang='grc'><strong>933·</strong></span> 
     </span>
    </p>
   </div>
   <div class='ocr_carea' id='block_1_2' title="bbox 157 593 1510 2178">
    <p class='ocr_par' dir='ltr' id='par_1_2' title="bbox 157 593 1510 2178">
     <span class='ocr_line' id='line_1_2' title="bbox 160 593 1447 683; baseline 0.004 -23"><span class='ocrx_word' id='word_1_6' title='bbox 160 593 317 682; x_wconf 83' lang='lat' dir='ltr'><strong>cylindrus</strong></span> <span class='ocrx_word' id='word_1_7' title='bbox 332 594 373 659; x_wconf 89' lang='lat' dir='ltr'><strong>de</strong></span> <span class='ocrx_word' id='word_1_8' title='bbox 387 617 450 681; x_wconf 88' lang='lat' dir='ltr'><strong>quo</strong></span> <span class='ocrx_word' id='word_1_9' title='bbox 464 595 595 683; x_wconf 81' lang='lat' dir='ltr'><strong>agimus,</strong></span> <span class='ocrx_word' id='word_1_10' title='bbox 618 606 650 661; x_wconf 88' lang='lat' dir='ltr'><strong>ct</strong></span> <span class='ocrx_word' id='word_1_11' title='bbox 663 608 768 682; x_wconf 89' lang='lat' dir='ltr'><strong>partes</strong></span> <span class='ocrx_word' id='word_1_12' title='bbox 783 609 932 663; x_wconf 82' lang='lat' dir='ltr'><strong>extremae</strong></span> <span class='ocrx_word' id='word_1_13' title='bbox 948 600 979 663; x_wconf 89' lang='lat' dir='ltr'>A</span> <span class='ocrx_word' id='word_1_14' title='bbox 996 600 1025 664; x_wconf 93' lang='lat' dir='ltr'><strong>B</strong></span> <span class='ocrx_word' id='word_1_15' title='bbox 1041 600 1071 664; x_wconf 90' lang='lat' dir='ltr'><strong>E</strong></span> <span class='ocrx_word' id='word_1_16' title='bbox 1084 611 1117 664; x_wconf 94' lang='lat' dir='ltr'><strong>et</strong></span> <span class='ocrx_word' id='word_1_17' title='bbox 1132 599 1160 665; x_wconf 93' lang='lat' dir='ltr'>C</span> <span class='ocrx_word' id='word_1_18' title='bbox 1176 600 1209 663; x_wconf 93' lang='lat' dir='ltr'>D</span> <span class='ocrx_word' id='word_1_19' title='bbox 1226 599 1253 663; x_wconf 88' lang='lat' dir='ltr'><strong>F</strong></span> <span class='ocrx_word' id='word_1_20' title='bbox 1267 599 1447 665; x_wconf 85' lang='lat' dir='ltr'><strong>contineant</strong></span> 
     </span>
     <span class='ocr_line' id='line_1_3' title="bbox 160 706 1444 796; baseline 0.002 -26"><span class='ocrx_word' id='word_1_21' title='bbox 160 719 264 791; x_wconf 87' lang='lat' dir='ltr'><strong>partes</strong></span> <span class='ocrx_word' id='word_1_22' title='bbox 287 706 376 769; x_wconf 88' lang='lat' dir='ltr'><strong>fluidi</strong></span> <span class='ocrx_word' id='word_1_23' title='bbox 401 707 482 770; x_wconf 85' lang='lat' dir='ltr'><strong>inter</strong></span> <span class='ocrx_word' id='word_1_24' title='bbox 507 727 541 770; x_wconf 89' lang='lat' dir='ltr'><strong>se</strong></span> <span class='ocrx_word' id='word_1_25' title='bbox 567 707 757 792; x_wconf 74' lang='lat' dir='ltr'><strong>quiescentes</strong></span> <span class='ocrx_word' id='word_1_26' title='bbox 781 719 815 773; x_wconf 86' lang='lat' dir='ltr'><strong>et</strong></span> <span class='ocrx_word' id='word_1_27' title='bbox 838 708 873 772; x_wconf 84' lang='lat' dir='ltr'><strong>in</strong></span> <span class='ocrx_word' id='word_1_28' title='bbox 898 729 1031 792; x_wconf 83' lang='lat' dir='ltr'><strong>corpora</strong></span> <span class='ocrx_word' id='word_1_29' title='bbox 1056 708 1120 772; x_wconf 91' lang='lat' dir='ltr'><strong>duo</strong></span> <span class='ocrx_word' id='word_1_30' title='bbox 1148 708 1251 796; x_wconf 80' lang='lat' dir='ltr'><strong>rigida</strong></span> <span class='ocrx_word' id='word_1_31' title='bbox 1275 720 1444 788; x_wconf 84' lang='lat' dir='ltr'><strong>concretas,</strong></span> 
     </span>
     <span class='ocr_line' id='line_1_4' title="bbox 160 813 688 900; baseline 0 -22"><span class='ocrx_word' id='word_1_32' title='bbox 160 813 688 900; x_wconf 87' lang='lat' dir='ltr'><strong>quaecylindroutrinquetanquam</strong></span> 
     </span>
     <span class='ocr_line' id='line_1_5' title="bbox 157 919 685 1005; baseline -0.002 -19"><span class='ocrx_word' id='word_1_33' title='bbox 157 931 295 1005; x_wconf 90' lang='lat' dir='ltr'><strong>caputet</strong></span> <span class='ocrx_word' id='word_1_34' title='bbox 309 919 409 983; x_wconf 86' lang='lat' dir='ltr'><strong>canda</strong></span> <span class='ocrx_word' id='word_1_35' title='bbox 423 919 611 984; x_wconf 83' lang='lat' dir='ltr'><strong>adhaereant</strong></span> <span class='ocrx_word' id='word_1_36' title='bbox 642 921 685 985; x_wconf 91' lang='lat' dir='ltr'><strong>Et</strong></span> 
     </span>
     <span class='ocr_line' id='line_1_6' title="bbox 159 1027 684 1106; baseline -0.002 -13"><span class='ocrx_word' id='word_1_37' title='bbox 159 1028 251 1093; x_wconf 88' lang='lat' dir='ltr'><strong>solidi</strong></span> <span class='ocrx_word' id='word_1_38' title='bbox 277 1027 353 1092; x_wconf 86' lang='lat' dir='ltr'><strong>EA</strong></span> <span class='ocrx_word' id='word_1_39' title='bbox 370 1028 398 1092; x_wconf 87' lang='lat' dir='ltr'>C</span> <span class='ocrx_word' id='word_1_40' title='bbox 415 1027 442 1092; x_wconf 86' lang='lat' dir='ltr'>F</span> <span class='ocrx_word' id='word_1_41' title='bbox 457 1027 491 1093; x_wconf 96' lang='lat' dir='ltr'>D</span> <span class='ocrx_word' id='word_1_42' title='bbox 508 1027 547 1106; x_wconf 89' lang='lat' dir='ltr'><strong>B,</strong></span> <span class='ocrx_word' id='word_1_43' title='bbox 574 1050 684 1092; x_wconf 88' lang='lat' dir='ltr'><strong>secun·</strong></span> 
     </span>
     <span class='ocr_line' id='line_1_7' title="bbox 159 1135 684 1224; baseline -0.002 -23"><span class='ocrx_word' id='word_1_44' title='bbox 159 1138 234 1201; x_wconf 90' lang='lat' dir='ltr'><strong>dum</strong></span> <span class='ocrx_word' id='word_1_45' title='bbox 243 1136 471 1224; x_wconf 77' lang='lat' dir='ltr'><strong>longitudinem</strong></span> <span class='ocrx_word' id='word_1_46' title='bbox 479 1137 546 1200; x_wconf 83' lang='lat' dir='ltr'><strong>axis</strong></span> <span class='ocrx_word' id='word_1_47' title='bbox 555 1136 603 1201; x_wconf 89' lang='lat' dir='ltr'><strong>sui</strong></span> <span class='ocrx_word' id='word_1_48' title='bbox 617 1136 643 1200; x_wconf 87' lang='lat' dir='ltr'><strong>F</strong></span> <span class='ocrx_word' id='word_1_49' title='bbox 654 1135 684 1200; x_wconf 87' lang='lat' dir='ltr'><strong>E</strong></span> 
     </span>
     <span class='ocr_line' id='line_1_8' title="bbox 159 1245 684 1368; baseline -0.004 -56"><span class='ocrx_word' id='word_1_50' title='bbox 159 1247 190 1312; x_wconf 90' lang='lat' dir='ltr'><strong>in</strong></span> <span class='ocrx_word' id='word_1_51' title='bbox 199 1258 310 1368; x_wconf 75' lang='lat' dir='ltr'><strong>partes</strong></span> <span class='ocrx_word' id='word_1_52' title='bbox 320 1263 428 1311; x_wconf 83' lang='lat' dir='ltr'><strong>versus</strong></span> <span class='ocrx_word' id='word_1_53' title='bbox 441 1245 684 1334; x_wconf 84' lang='lat' dir='ltr'><strong>Eprogredien-</strong></span> 
     </span>
     <span class='ocr_line' id='line_1_9' title="bbox 159 1353 685 1439; baseline -0.006 -20"><span class='ocrx_word' id='word_1_54' title='bbox 159 1354 207 1432; x_wconf 89' lang='lat' dir='ltr'><strong>tis,</strong></span> <span class='ocrx_word' id='word_1_55' title='bbox 236 1353 410 1418; x_wconf 84' lang='lat' dir='ltr'><strong>resistentia</strong></span> <span class='ocrx_word' id='word_1_56' title='bbox 435 1375 472 1418; x_wconf 86' lang='lat' dir='ltr'><strong>ea</strong></span> <span class='ocrx_word' id='word_1_57' title='bbox 493 1354 553 1418; x_wconf 88' lang='lat' dir='ltr'><strong>erit</strong></span> <span class='ocrx_word' id='word_1_58' title='bbox 575 1375 685 1439; x_wconf 85' lang='lat' dir='ltr'><strong>quam·</strong></span> 
     </span>
     <span class='ocr_line' id='line_1_10' title="bbox 158 1459 1369 1546; baseline -0.003 -23"><span class='ocrx_word' id='word_1_59' title='bbox 158 1461 301 1545; x_wconf 87' lang='lat' dir='ltr'><strong>proxime</strong></span> <span class='ocrx_word' id='word_1_60' title='bbox 323 1482 418 1546; x_wconf 87' lang='lat' dir='ltr'><strong>quam</strong></span> <span class='ocrx_word' id='word_1_61' title='bbox 439 1461 472 1523; x_wconf 91' lang='lat' dir='ltr'><strong>in</strong></span> <span class='ocrx_word' id='word_1_62' title='bbox 493 1459 555 1524; x_wconf 82' lang='lat' dir='ltr'><strong>htc</strong></span> <span class='ocrx_word' id='word_1_63' title='bbox 571 1460 692 1544; x_wconf 91' lang='lat' dir='ltr'><strong>Propo-</strong></span> <span class='ocrx_word' id='word_1_64' title='bbox 1365 1510 1369 1519; x_wconf 75' lang='grc'>,</span> 
     </span>
     <span class='ocr_line' id='line_1_11' title="bbox 159 1558 1396 1653; baseline -0.006 -19"><span class='ocrx_word' id='word_1_65' title='bbox 159 1571 279 1634; x_wconf 81' lang='lat' dir='ltr'><strong>sitione</strong></span> <span class='ocrx_word' id='word_1_66' title='bbox 292 1569 521 1653; x_wconf 82' lang='lat' dir='ltr'><strong>descripsimus,</strong></span> <span class='ocrx_word' id='word_1_67' title='bbox 545 1569 580 1632; x_wconf 94' lang='lat' dir='ltr'><strong>id</strong></span> <span class='ocrx_word' id='word_1_68' title='bbox 601 1580 658 1647; x_wconf 87' lang='lat' dir='ltr'><strong>est,</strong></span> <span class='ocrx_word' id='word_1_69' title='bbox 683 1585 754 1652; x_wconf 86' lang='lat' dir='ltr'><strong>quae</strong></span> <span class='ocrx_word' id='word_1_70' title='bbox 776 1563 930 1628; x_wconf 86' lang='lat' dir='ltr'><strong>rationem</strong></span> <span class='ocrx_word' id='word_1_71' title='bbox 944 1560 1029 1625; x_wconf 88' lang='lat' dir='ltr'><strong>illam</strong></span> <span class='ocrx_word' id='word_1_72' title='bbox 1043 1558 1139 1626; x_wconf 86' lang='lat' dir='ltr'><strong>habet</strong></span> <span class='ocrx_word' id='word_1_73' title='bbox 1152 1561 1194 1624; x_wconf 85' lang='lat' dir='ltr'><strong>sd</strong></span> <span class='ocrx_word' id='word_1_74' title='bbox 1208 1561 1271 1626; x_wconf 92' lang='lat' dir='ltr'><strong>vim</strong></span> <span class='ocrx_word' id='word_1_75' title='bbox 1286 1560 1348 1648; x_wconf 80' lang='lat' dir='ltr'><strong>qut</strong></span> <span class='ocrx_word' id='word_1_76' title='bbox 1362 1573 1396 1626; x_wconf 90' lang='lat' dir='ltr'><strong>to</strong></span> 
     </span>
     <span class='ocr_line' id='line_1_12' title="bbox 159 1668 1446 1764; baseline -0.003 -24"><span class='ocrx_word' id='word_1_77' title='bbox 159 1677 291 1764; x_wconf 80' lang='lat' dir='ltr'><strong>cylindri</strong></span> <span class='ocrx_word' id='word_1_78' title='bbox 314 1689 425 1755; x_wconf 90' lang='lat' dir='ltr'><strong>motus,</strong></span> <span class='ocrx_word' id='word_1_79' title='bbox 456 1677 575 1742; x_wconf 85' lang='lat' dir='ltr'><strong>interea</strong></span> <span class='ocrx_word' id='word_1_80' title='bbox 599 1675 675 1741; x_wconf 91' lang='lat' dir='ltr'><strong>dum</strong></span> <span class='ocrx_word' id='word_1_81' title='bbox 704 1671 869 1760; x_wconf 85' lang='lat' dir='ltr'><strong>longitudo</strong></span> <span class='ocrx_word' id='word_1_82' title='bbox 897 1678 918 1733; x_wconf 78' lang='lat'>4</span> <span class='ocrx_word' id='word_1_83' title='bbox 940 1669 971 1732; x_wconf 87' lang='lat' dir='ltr'>A</span> <span class='ocrx_word' id='word_1_84' title='bbox 994 1668 1023 1732; x_wconf 91' lang='lat' dir='ltr'>C</span> <span class='ocrx_word' id='word_1_85' title='bbox 1051 1681 1139 1732; x_wconf 92' lang='lat' dir='ltr'><strong>motu</strong></span> <span class='ocrx_word' id='word_1_86' title='bbox 1167 1669 1222 1732; x_wconf 94' lang='lat' dir='ltr'><strong>illo</strong></span> <span class='ocrx_word' id='word_1_87' title='bbox 1250 1670 1446 1736; x_wconf 87' lang='lat' dir='ltr'><strong>uniformiter</strong></span> 
     </span>
     <span class='ocr_line' id='line_1_13' title="bbox 160 1778 1510 1866; baseline -0.007 -17"><span class='ocrx_word' id='word_1_88' title='bbox 160 1787 338 1849; x_wconf 83' lang='lat' dir='ltr'><strong>continuato</strong></span> <span class='ocrx_word' id='word_1_89' title='bbox 361 1785 555 1849; x_wconf 84' lang='lat' dir='ltr'><strong>describatur</strong></span> <span class='ocrx_word' id='word_1_90' title='bbox 575 1784 626 1849; x_wconf 89' lang='lat' dir='ltr'><strong>vel</strong></span> <span class='ocrx_word' id='word_1_91' title='bbox 647 1783 715 1848; x_wconf 92' lang='lat' dir='ltr'><strong>tolli</strong></span> <span class='ocrx_word' id='word_1_92' title='bbox 728 1782 828 1866; x_wconf 82' lang='lat' dir='ltr'><strong>possit</strong></span> <span class='ocrx_word' id='word_1_93' title='bbox 841 1778 1057 1866; x_wconf 80' lang='lat' dir='ltr'><strong>vel-generari,</strong></span> <span class='ocrx_word' id='word_1_94' title='bbox 1081 1800 1175 1864; x_wconf 84' lang='lat' dir='ltr'><strong>quam</strong></span> <span class='ocrx_word' id='word_1_95' title='bbox 1196 1778 1334 1843; x_wconf 80' lang='lat' dir='ltr'><strong>densitas</strong></span> <span class='ocrx_word' id='word_1_96' title='bbox 1355 1779 1445 1844; x_wconf 91' lang='lat' dir='ltr'><strong>fluidi</strong></span> <span class='ocrx_word' id='word_1_97' title='bbox 1505 1823 1510 1839; x_wconf 49' lang='lat' dir='ltr'><strong>t</strong></span> 
     </span>
     <span class='ocr_line' id='line_1_14' title="bbox 159 1887 1446 1982; baseline -0.004 -24"><span class='ocrx_word' id='word_1_98' title='bbox 159 1895 252 1959; x_wconf 88' lang='lat' dir='ltr'><strong>habet</strong></span> <span class='ocrx_word' id='word_1_99' title='bbox 275 1894 316 1958; x_wconf 83' lang='lat' dir='ltr'><strong>ad</strong></span> <span class='ocrx_word' id='word_1_100' title='bbox 341 1894 526 1959; x_wconf 84' lang='lat' dir='ltr'><strong>densitatem</strong></span> <span class='ocrx_word' id='word_1_101' title='bbox 549 1893 683 1982; x_wconf 87' lang='lat' dir='ltr'><strong>cylindri</strong></span> <span class='ocrx_word' id='word_1_102' title='bbox 709 1887 956 1978; x_wconf 70' lang='lat' dir='ltr'><strong>quamproxime.</strong></span> <span class='ocrx_word' id='word_1_103' title='bbox 1002 1888 1041 1973; x_wconf 69' lang='lat'><strong>(³)</strong></span> <span class='ocrx_word' id='word_1_104' title='bbox 1065 1887 1109 1952; x_wconf 88' lang='lat' dir='ltr'><strong>Et</strong></span> <span class='ocrx_word' id='word_1_105' title='bbox 1133 1887 1193 1953; x_wconf 77' lang='lat' dir='ltr'><strong>haic</strong></span> <span class='ocrx_word' id='word_1_106' title='bbox 1215 1889 1247 1954; x_wconf 88' lang='lat' dir='ltr'><strong>vi</strong></span> <span class='ocrx_word' id='word_1_107' title='bbox 1271 1889 1446 1954; x_wconf 81' lang='lat' dir='ltr'><strong>resistentis</strong></span> 
     </span>
     <span class='ocr_line' id='line_1_15' title="bbox 159 1996 1443 2091; baseline -0.005 -23"><span class='ocrx_word' id='word_1_108' title='bbox 159 2005 260 2068; x_wconf 87' lang='lat' dir='ltr'><strong>minor</strong></span> <span class='ocrx_word' id='word_1_109' title='bbox 284 2025 439 2068; x_wconf 86' lang='lat' dir='ltr'><strong>essenon</strong></span> <span class='ocrx_word' id='word_1_110' title='bbox 463 2016 568 2088; x_wconf 88' lang='lat' dir='ltr'><strong>potest</strong></span> <span class='ocrx_word' id='word_1_111' title='bbox 592 2000 687 2091; x_wconf 80' lang='lat' dir='ltr'><strong>quaint</strong></span> <span class='ocrx_word' id='word_1_112' title='bbox 709 2000 744 2064; x_wconf 91' lang='lat' dir='ltr'><strong>in</strong></span> <span class='ocrx_word' id='word_1_113' title='bbox 766 1999 889 2064; x_wconf 87' lang='lat' dir='ltr'><strong>ratione</strong></span> <span class='ocrx_word' id='word_1_114' title='bbox 913 2005 933 2060; x_wconf 72' lang='lat'><strong>2</strong></span> <span class='ocrx_word' id='word_1_115' title='bbox 959 1996 1000 2060; x_wconf 81' lang='lat' dir='ltr'><strong>ad</strong></span> <span class='ocrx_word' id='word_1_116' title='bbox 1024 2005 1054 2060; x_wconf 82' lang='grc'><strong>3.</strong></span> <span class='ocrx_word' id='word_1_117' title='bbox 1077 2017 1136 2080; x_wconf 88' lang='lat' dir='ltr'><strong>per</strong></span> <span class='ocrx_word' id='word_1_118' title='bbox 1162 1996 1269 2062; x_wconf 89' lang='lat' dir='ltr'><strong>Corol.</strong></span> <span class='ocrx_word' id='word_1_119' title='bbox 1293 2003 1323 2066; x_wconf 85' lang='lat'><strong>7.</strong></span> <span class='ocrx_word' id='word_1_120' title='bbox 1347 1996 1443 2082; x_wconf 85' lang='lat' dir='ltr'><strong>Prop.</strong></span> 
     </span>
     <span class='ocr_line' id='line_1_16' title="bbox 161 2113 1453 2178; baseline -0.003 0"><span class='ocrx_word' id='word_1_121' title='bbox 161 2113 327 2178; x_wconf 90' lang='lat' dir='ltr'>XXXVI.</span> <span class='ocrx_word' id='word_1_122' title='bbox 1447 2113 1453 2134; x_wconf 87' lang='lat'>&#39;</span> 
     </span>
    </p>
   </div>
   <div class='ocr_carea' id='block_1_3' title="bbox 771 1256 797 1314">
    <p class='ocr_par' dir='ltr' id='par_1_3' title="bbox 771 1256 797 1314">
     <span class='ocr_line' id='line_1_17' title="bbox 771 1256 797 1314; baseline 0 0"><span class='ocrx_word' id='word_1_123' title='bbox 771 1256 797 1314; x_wconf 44' lang='lat' dir='ltr'><strong>a·</strong></span> 
     </span>
    </p>
   </div>
   <div class='ocr_carea' id='block_1_4' title="bbox 190 2298 786 2365">
    <p class='ocr_par' dir='ltr' id='par_1_4' title="bbox 190 2298 786 2365">
     <span class='ocr_line' id='line_1_18' title="bbox 190 2298 786 2365; baseline 0.005 -16"><span class='ocrx_word' id='word_1_124' title='bbox 190 2298 226 2365; x_wconf 67' lang='lat'><strong>(³)</strong></span> <span class='ocrx_word' id='word_1_125' title='bbox 243 2303 258 2332; x_wconf 74' lang='lat'>⁸</span> <span class='ocrx_word' id='word_1_126' title='bbox 276 2303 310 2350; x_wconf 81' lang='lat' dir='ltr'><strong>Et</strong></span> <span class='ocrx_word' id='word_1_127' title='bbox 327 2299 371 2350; x_wconf 77' lang='lat' dir='ltr'><strong>ltdc</strong></span> <span class='ocrx_word' id='word_1_128' title='bbox 391 2304 415 2350; x_wconf 83' lang='lat' dir='ltr'><strong>ai</strong></span> <span class='ocrx_word' id='word_1_129' title='bbox 435 2303 561 2352; x_wconf 62' lang='lat' dir='ltr'><strong>redamatio</strong></span> <span class='ocrx_word' id='word_1_130' title='bbox 582 2304 721 2351; x_wconf 73' lang='lat' dir='ltr'><strong>minorasse</strong></span> <span class='ocrx_word' id='word_1_131' title='bbox 738 2317 786 2352; x_wconf 78' lang='lat' dir='ltr'><strong>aaa</strong></span> 
     </span>
    </p>
   </div>
   <div class='ocr_carea' id='block_1_5' title="bbox 76 2365 810 2439">
    <p class='ocr_par' dir='ltr' id='par_1_5' title="bbox 76 2365 810 2439">
     <span class='ocr_line' id='line_1_19' title="bbox 76 2365 810 2439; baseline 0.007 -29"><span class='ocrx_word' id='word_1_132' title='bbox 76 2402 87 2424; x_wconf 79' lang='lat'><em>‹</em></span> <span class='ocrx_word' id='word_1_133' title='bbox 157 2372 235 2424; x_wconf 81' lang='lat' dir='ltr'><strong>potest,</strong></span> <span class='ocrx_word' id='word_1_134' title='bbox 264 2365 306 2412; x_wconf 73' lang='lat' dir='ltr'><strong>&amp;c</strong></span> <span class='ocrx_word' id='word_1_135' title='bbox 343 2365 485 2426; x_wconf 72' lang='lat' dir='ltr'><strong>Resistentie</strong></span> <span class='ocrx_word' id='word_1_136' title='bbox 509 2369 561 2430; x_wconf 83' lang='lat' dir='ltr'><strong>(per</strong></span> <span class='ocrx_word' id='word_1_137' title='bbox 584 2367 638 2414; x_wconf 86' lang='lat' dir='ltr'><strong>Cor.</strong></span> <span class='ocrx_word' id='word_1_138' title='bbox 663 2369 685 2414; x_wconf 80' lang='lat'><strong>7.</strong></span> <span class='ocrx_word' id='word_1_139' title='bbox 711 2365 781 2426; x_wconf 68' lang='lat' dir='ltr'><strong>Pron</strong></span> <span class='ocrx_word' id='word_1_140' title='bbox 808 2427 810 2439; x_wconf 50' lang='lat'><em>,</em></span> 
     </span>
    </p>
   </div>
   <div class='ocr_carea' id='block_1_6' title="bbox 159 2427 791 3335">
    <p class='ocr_par' dir='ltr' id='par_1_6' title="bbox 159 2427 791 3335">
     <span class='ocr_line' id='line_1_20' title="bbox 163 2427 789 2490; baseline 0.003 -17"><span class='ocrx_word' id='word_1_141' title='bbox 163 2427 304 2487; x_wconf 85' lang='lat' dir='ltr'>XXXVI.)</span> <span class='ocrx_word' id='word_1_142' title='bbox 322 2429 398 2475; x_wconf 87' lang='lat' dir='ltr'><strong>minor</strong></span> <span class='ocrx_word' id='word_1_143' title='bbox 414 2445 464 2476; x_wconf 86' lang='lat' dir='ltr'><strong>esse</strong></span> <span class='ocrx_word' id='word_1_144' title='bbox 479 2443 527 2476; x_wconf 89' lang='lat' dir='ltr'><strong>non</strong></span> <span class='ocrx_word' id='word_1_145' title='bbox 543 2438 620 2490; x_wconf 85' lang='lat' dir='ltr'><strong>potest</strong></span> <span class='ocrx_word' id='word_1_146' title='bbox 629 2428 731 2490; x_wconf 79' lang='lat' dir='ltr'><strong>pondera</strong></span> <span class='ocrx_word' id='word_1_147' title='bbox 747 2443 789 2490; x_wconf 75' lang='lat' dir='ltr'><strong>cy·</strong></span> 
     </span>
     <span class='ocr_line' id='line_1_21' title="bbox 159 2489 789 2563; baseline 0.005 -27"><span class='ocrx_word' id='word_1_148' title='bbox 159 2489 229 2536; x_wconf 90' lang='lat' dir='ltr'><strong>lindri</strong></span> <span class='ocrx_word' id='word_1_149' title='bbox 239 2506 314 2553; x_wconf 70' lang='lat' dir='ltr'><strong>sque,</strong></span> <span class='ocrx_word' id='word_1_150' title='bbox 331 2491 400 2554; x_wconf 87' lang='lat' dir='ltr'><strong>cujus</strong></span> <span class='ocrx_word' id='word_1_151' title='bbox 414 2493 476 2540; x_wconf 81' lang='lat' dir='ltr'><strong>basis</strong></span> <span class='ocrx_word' id='word_1_152' title='bbox 492 2502 527 2540; x_wconf 82' lang='lat' dir='ltr'><strong>est</strong></span> <span class='ocrx_word' id='word_1_153' title='bbox 542 2493 649 2540; x_wconf 88' lang='lat' dir='ltr'><strong>circellus</strong></span> <span class='ocrx_word' id='word_1_154' title='bbox 661 2494 684 2541; x_wconf 89' lang='lat' dir='ltr'>P</span> <span class='ocrx_word' id='word_1_155' title='bbox 694 2495 719 2549; x_wconf 83' lang='lat' dir='ltr'>Q</span> <span class='ocrx_word' id='word_1_156' title='bbox 730 2492 789 2563; x_wconf 79' lang='lat' dir='ltr'><strong>(sive</strong></span> 
     </span>
     <span class='ocr_line' id='line_1_22' title="bbox 163 2556 789 2635; baseline 0.003 -19"><span class='ocrx_word' id='word_1_157' title='bbox 163 2569 235 2630; x_wconf 77' lang='lat' dir='ltr'><strong>ss)</strong></span> <span class='ocrx_word' id='word_1_158' title='bbox 255 2580 278 2618; x_wconf 71' lang='lat' dir='ltr'><strong>e</strong></span> <span class='ocrx_word' id='word_1_159' title='bbox 293 2556 462 2635; x_wconf 60' lang='lat' dir='ltr'><strong>clausola</strong></span> <span class='ocrx_word' id='word_1_160' title='bbox 480 2571 503 2619; x_wconf 80' lang='lat' dir='ltr'><strong>n</strong></span> <span class='ocrx_word' id='word_1_161' title='bbox 522 2587 563 2619; x_wconf 66' lang='lat' dir='ltr'><strong>eu</strong></span> <span class='ocrx_word' id='word_1_162' title='bbox 579 2557 684 2634; x_wconf 58' lang='lat' dir='ltr'><strong>ltro.</strong></span> <span class='ocrx_word' id='word_1_163' title='bbox 720 2569 789 2635; x_wconf 72' lang='lat' dir='ltr'><strong>(vic</strong></span> 
     </span>
     <span class='ocr_line' id='line_1_23' title="bbox 160 2633 789 2700; baseline 0.005 -22"><span class='ocrx_word' id='word_1_164' title='bbox 160 2633 249 2696; x_wconf 76' lang='lat' dir='ltr'><strong>figuras</strong></span> <span class='ocrx_word' id='word_1_165' title='bbox 265 2635 415 2696; x_wconf 82' lang='lat' dir='ltr'><strong>superiores.)</strong></span> <span class='ocrx_word' id='word_1_166' title='bbox 448 2635 565 2684; x_wconf 81' lang='lat' dir='ltr'><strong>velocitas</strong></span> <span class='ocrx_word' id='word_1_167' title='bbox 576 2650 646 2700; x_wconf 88' lang='lat' dir='ltr'><strong>quarn</strong></span> <span class='ocrx_word' id='word_1_168' title='bbox 660 2635 699 2682; x_wconf 90' lang='lat' dir='ltr'><strong>hic</strong></span> <span class='ocrx_word' id='word_1_169' title='bbox 714 2634 789 2697; x_wconf 88' lang='lat' dir='ltr'><strong>cylin-</strong></span> 
     </span>
     <span class='ocr_line' id='line_1_24' title="bbox 161 2696 790 2761; baseline 0.003 -18"><span class='ocrx_word' id='word_1_170' title='bbox 161 2696 217 2744; x_wconf 84' lang='lat' dir='ltr'><strong>drus</strong></span> <span class='ocrx_word' id='word_1_171' title='bbox 227 2713 303 2761; x_wconf 82' lang='lat' dir='ltr'><strong>aquae,</strong></span> <span class='ocrx_word' id='word_1_172' title='bbox 320 2699 343 2745; x_wconf 87' lang='lat' dir='ltr'><strong>vi</strong></span> <span class='ocrx_word' id='word_1_173' title='bbox 359 2699 468 2760; x_wconf 84' lang='lat' dir='ltr'><strong>ponderis</strong></span> <span class='ocrx_word' id='word_1_174' title='bbox 479 2699 516 2749; x_wconf 85' lang='lat' dir='ltr'><strong>sui</strong></span> <span class='ocrx_word' id='word_1_175' title='bbox 526 2699 630 2746; x_wconf 84' lang='lat' dir='ltr'><strong>cadeudo</strong></span> <span class='ocrx_word' id='word_1_176' title='bbox 641 2706 664 2745; x_wconf 85' lang='lat' dir='ltr'><strong>et</strong></span> <span class='ocrx_word' id='word_1_177' title='bbox 675 2713 730 2746; x_wconf 83' lang='lat' dir='ltr'><strong>cusu</strong></span> <span class='ocrx_word' id='word_1_178' title='bbox 746 2713 790 2746; x_wconf 87' lang='lat' dir='ltr'><strong>suu</strong></span> 
     </span>
     <span class='ocr_line' id='line_1_25' title="bbox 161 2760 791 2827; baseline 0.006 -20"><span class='ocrx_word' id='word_1_179' title='bbox 161 2760 313 2810; x_wconf 88' lang='lat' dir='ltr'><strong>describendo</strong></span> <span class='ocrx_word' id='word_1_180' title='bbox 332 2763 479 2811; x_wconf 84' lang='lat' dir='ltr'><strong>altitudinem</strong></span> <span class='ocrx_word' id='word_1_181' title='bbox 499 2764 557 2812; x_wconf 66' lang='grc' dir='ltr'><strong>ΕΙ,</strong></span> <span class='ocrx_word' id='word_1_182' title='bbox 574 2762 677 2827; x_wconf 83' lang='lat' dir='ltr'><strong>acquirit,</strong></span> <span class='ocrx_word' id='word_1_183' title='bbox 695 2763 791 2823; x_wconf 77' lang='lat' dir='ltr'><strong>aequnlis</strong></span> 
     </span>
     <span class='ocr_line' id='line_1_26' title="bbox 161 2826 790 2889; baseline 0.003 -18"><span class='ocrx_word' id='word_1_184' title='bbox 161 2834 197 2871; x_wconf 86' lang='lat' dir='ltr'><strong>est</strong></span> <span class='ocrx_word' id='word_1_185' title='bbox 212 2826 329 2874; x_wconf 84' lang='lat' dir='ltr'><strong>velocitati</strong></span> <span class='ocrx_word' id='word_1_186' title='bbox 344 2843 399 2875; x_wconf 89' lang='lat' dir='ltr'><strong>cum</strong></span> <span class='ocrx_word' id='word_1_187' title='bbox 416 2826 462 2889; x_wconf 78' lang='lat' dir='ltr'><strong>quai</strong></span> <span class='ocrx_word' id='word_1_188' title='bbox 479 2826 597 2889; x_wconf 85' lang='lat' dir='ltr'><strong>cylindrus</strong></span> <span class='ocrx_word' id='word_1_189' title='bbox 610 2829 632 2874; x_wconf 91' lang='lat' dir='ltr'>A</span> <span class='ocrx_word' id='word_1_190' title='bbox 646 2827 666 2874; x_wconf 86' lang='lat' dir='ltr'>C</span> <span class='ocrx_word' id='word_1_191' title='bbox 680 2828 704 2873; x_wconf 89' lang='lat' dir='ltr'><strong>D</strong></span> <span class='ocrx_word' id='word_1_192' title='bbox 718 2828 747 2883; x_wconf 90' lang='lat' dir='ltr'><strong>B,</strong></span> <span class='ocrx_word' id='word_1_193' title='bbox 764 2826 790 2873; x_wconf 90' lang='lat' dir='ltr'><strong>in</strong></span> 
     </span>
     <span class='ocr_line' id='line_1_27' title="bbox 163 2888 789 2956; baseline 0.003 -19"><span class='ocrx_word' id='word_1_194' title='bbox 163 2888 225 2951; x_wconf 73' lang='lat' dir='ltr'><strong>equi</strong></span> <span class='ocrx_word' id='word_1_195' title='bbox 235 2901 343 2937; x_wconf 83' lang='lat' dir='ltr'><strong>moretur</strong></span> <span class='ocrx_word' id='word_1_196' title='bbox 354 2896 394 2956; x_wconf 86' lang='lat' dir='ltr'><strong>(ex</strong></span> <span class='ocrx_word' id='word_1_197' title='bbox 406 2890 483 2951; x_wconf 88' lang='lat' dir='ltr'><strong>dem.)</strong></span> <span class='ocrx_word' id='word_1_198' title='bbox 495 2901 518 2938; x_wconf 86' lang='lat' dir='ltr'><strong>et</strong></span> <span class='ocrx_word' id='word_1_199' title='bbox 528 2889 581 2938; x_wconf 85' lang='lat' dir='ltr'><strong>ided</strong></span> <span class='ocrx_word' id='word_1_200' title='bbox 592 2890 647 2938; x_wconf 76' lang='lat' dir='ltr'><strong>cum</strong></span> <span class='ocrx_word' id='word_1_201' title='bbox 657 2890 718 2937; x_wconf 87' lang='lat' dir='ltr'><strong>basis</strong></span> <span class='ocrx_word' id='word_1_202' title='bbox 730 2890 753 2937; x_wconf 91' lang='lat' dir='ltr'>A</span> <span class='ocrx_word' id='word_1_203' title='bbox 767 2890 789 2939; x_wconf 90' lang='grc' dir='ltr'>Β</span> 
     </span>
     <span class='ocr_line' id='line_1_28' title="bbox 164 2953 790 3017; baseline 0.002 -17"><span class='ocrx_word' id='word_1_204' title='bbox 164 2953 193 3000; x_wconf 84' lang='lat' dir='ltr'><strong>sit</strong></span> <span class='ocrx_word' id='word_1_205' title='bbox 209 2954 279 3001; x_wconf 90' lang='lat' dir='ltr'><strong>etiam</strong></span> <span class='ocrx_word' id='word_1_206' title='bbox 298 2955 392 3017; x_wconf 88' lang='lat' dir='ltr'><strong>utrique</strong></span> <span class='ocrx_word' id='word_1_207' title='bbox 410 2954 515 3016; x_wconf 85' lang='lat' dir='ltr'><strong>cylindro</strong></span> <span class='ocrx_word' id='word_1_208' title='bbox 536 2954 674 3009; x_wconf 89' lang='lat' dir='ltr'><strong>communis,</strong></span> <span class='ocrx_word' id='word_1_209' title='bbox 696 2955 790 3014; x_wconf 87' lang='lat' dir='ltr'><strong>pondua</strong></span> 
     </span>
     <span class='ocr_line' id='line_1_29' title="bbox 163 3016 790 3081; baseline 0.005 -18"><span class='ocrx_word' id='word_1_210' title='bbox 163 3016 261 3077; x_wconf 87' lang='lat' dir='ltr'><strong>cylindri</strong></span> <span class='ocrx_word' id='word_1_211' title='bbox 283 3034 350 3081; x_wconf 76' lang='lat' dir='ltr'><strong>aquae</strong></span> <span class='ocrx_word' id='word_1_212' title='bbox 369 3019 414 3067; x_wconf 86' lang='lat' dir='ltr'><strong>erit</strong></span> <span class='ocrx_word' id='word_1_213' title='bbox 431 3019 461 3067; x_wconf 82' lang='lat' dir='ltr'><strong>ad</strong></span> <span class='ocrx_word' id='word_1_214' title='bbox 478 3018 525 3065; x_wconf 87' lang='lat' dir='ltr'><strong>viru</strong></span> <span class='ocrx_word' id='word_1_215' title='bbox 544 3017 591 3080; x_wconf 80' lang='lat' dir='ltr'><strong>qui</strong></span> <span class='ocrx_word' id='word_1_216' title='bbox 609 3027 671 3066; x_wconf 83' lang='lat' dir='ltr'><strong>tutus</strong></span> <span class='ocrx_word' id='word_1_217' title='bbox 692 3017 790 3078; x_wconf 84' lang='lat' dir='ltr'><strong>cylindri</strong></span> 
     </span>
     <span class='ocr_line' id='line_1_30' title="bbox 164 3080 790 3144; baseline 0.003 -17"><span class='ocrx_word' id='word_1_218' title='bbox 164 3082 188 3127; x_wconf 97' lang='lat' dir='ltr'>A</span> <span class='ocrx_word' id='word_1_219' title='bbox 207 3080 229 3129; x_wconf 89' lang='grc' dir='ltr'>Β</span> <span class='ocrx_word' id='word_1_220' title='bbox 248 3082 273 3128; x_wconf 93' lang='lat' dir='ltr'>D</span> <span class='ocrx_word' id='word_1_221' title='bbox 291 3083 311 3129; x_wconf 85' lang='lat' dir='ltr'>C</span> <span class='ocrx_word' id='word_1_222' title='bbox 329 3091 414 3136; x_wconf 84' lang='lat' dir='ltr'><strong>motus,</strong></span> <span class='ocrx_word' id='word_1_223' title='bbox 432 3098 480 3144; x_wconf 90' lang='lat' dir='ltr'><strong>quo</strong></span> <span class='ocrx_word' id='word_1_224' title='bbox 499 3091 602 3141; x_wconf 83' lang='lat' dir='ltr'><strong>tempore</strong></span> <span class='ocrx_word' id='word_1_225' title='bbox 619 3080 790 3143; x_wconf 76' lang='lat' dir='ltr'><strong>longitudinem</strong></span> 
     </span>
     <span class='ocr_line' id='line_1_31' title="bbox 164 3144 791 3208; baseline 0.005 -18"><span class='ocrx_word' id='word_1_226' title='bbox 164 3149 180 3190; x_wconf 80' lang='lat'><strong>4</strong></span> <span class='ocrx_word' id='word_1_227' title='bbox 192 3145 215 3193; x_wconf 92' lang='lat' dir='ltr'>A</span> <span class='ocrx_word' id='word_1_228' title='bbox 229 3146 250 3193; x_wconf 85' lang='lat' dir='ltr'>C</span> <span class='ocrx_word' id='word_1_229' title='bbox 267 3146 415 3194; x_wconf 84' lang='lat' dir='ltr'><strong>uniformiter</strong></span> <span class='ocrx_word' id='word_1_230' title='bbox 425 3146 542 3201; x_wconf 76' lang='lat' dir='ltr'><strong>describit,</strong></span> <span class='ocrx_word' id='word_1_231' title='bbox 554 3145 660 3208; x_wconf 79' lang='lat' dir='ltr'><strong>generari</strong></span> <span class='ocrx_word' id='word_1_232' title='bbox 672 3145 743 3205; x_wconf 84' lang='lat' dir='ltr'><strong>possit</strong></span> <span class='ocrx_word' id='word_1_233' title='bbox 753 3144 791 3193; x_wconf 85' lang='lat' dir='ltr'><strong>val</strong></span> 
     </span>
     <span class='ocr_line' id='line_1_32' title="bbox 162 3206 790 3270; baseline 0.002 -16"><span class='ocrx_word' id='word_1_234' title='bbox 162 3207 221 3265; x_wconf 89' lang='lat' dir='ltr'><strong>tolli,</strong></span> <span class='ocrx_word' id='word_1_235' title='bbox 241 3208 267 3255; x_wconf 91' lang='lat' dir='ltr'><strong>in</strong></span> <span class='ocrx_word' id='word_1_236' title='bbox 283 3210 372 3257; x_wconf 85' lang='lat' dir='ltr'><strong>ratione</strong></span> <span class='ocrx_word' id='word_1_237' title='bbox 388 3208 516 3270; x_wconf 74' lang='lat' dir='ltr'><strong>compositi</strong></span> <span class='ocrx_word' id='word_1_238' title='bbox 525 3226 554 3257; x_wconf 84' lang='lat' dir='ltr'><strong>ex</strong></span> <span class='ocrx_word' id='word_1_239' title='bbox 566 3208 654 3257; x_wconf 84' lang='lat' dir='ltr'><strong>ratione</strong></span> <span class='ocrx_word' id='word_1_240' title='bbox 670 3206 790 3257; x_wconf 70' lang='lat' dir='ltr'><strong>densitatis</strong></span> 
     </span>
     <span class='ocr_line' id='line_1_33' title="bbox 162 3272 790 3335; baseline 0.005 -17"><span class='ocrx_word' id='word_1_241' title='bbox 162 3286 228 3333; x_wconf 84' lang='lat' dir='ltr'><strong>aquae</strong></span> <span class='ocrx_word' id='word_1_242' title='bbox 243 3272 274 3319; x_wconf 84' lang='lat' dir='ltr'><strong>ad</strong></span> <span class='ocrx_word' id='word_1_243' title='bbox 290 3272 428 3322; x_wconf 83' lang='lat' dir='ltr'><strong>densitatem</strong></span> <span class='ocrx_word' id='word_1_244' title='bbox 444 3272 542 3335; x_wconf 83' lang='lat' dir='ltr'><strong>cylindri</strong></span> <span class='ocrx_word' id='word_1_245' title='bbox 558 3274 582 3321; x_wconf 91' lang='lat' dir='ltr'>A</span> <span class='ocrx_word' id='word_1_246' title='bbox 595 3274 617 3321; x_wconf 93' lang='grc' dir='ltr'>Β</span> <span class='ocrx_word' id='word_1_247' title='bbox 630 3274 655 3321; x_wconf 92' lang='lat' dir='ltr'>D</span> <span class='ocrx_word' id='word_1_248' title='bbox 669 3273 697 3331; x_wconf 86' lang='lat' dir='ltr'><strong>C,</strong></span> <span class='ocrx_word' id='word_1_249' title='bbox 714 3282 738 3321; x_wconf 80' lang='lat' dir='ltr'><strong>et</strong></span> <span class='ocrx_word' id='word_1_250' title='bbox 753 3288 790 3321; x_wconf 79' lang='lat' dir='ltr'><strong>ra-</strong></span> 
     </span>
    </p>
   </div>
   <div class='ocr_carea' id='block_1_7' title="bbox 161 3338 791 4117">
    <p class='ocr_par' dir='ltr' id='par_1_7' title="bbox 161 3338 791 4117">
     <span class='ocr_line' id='line_1_34' title="bbox 161 3338 791 3415; baseline 0.006 -22"><span class='ocrx_word' id='word_1_251' title='bbox 161 3348 224 3395; x_wconf 71' lang='lat' dir='ltr'><strong>sione</strong></span> <span class='ocrx_word' id='word_1_252' title='bbox 240 3338 399 3415; x_wconf 56' lang='lat' dir='ltr'><strong>urrannei</strong></span> <span class='ocrx_word' id='word_1_253' title='bbox 413 3352 436 3398; x_wconf 81' lang='lat' dir='ltr'><strong>n</strong></span> <span class='ocrx_word' id='word_1_254' title='bbox 448 3351 471 3399; x_wconf 80' lang='lat' dir='ltr'><strong>n</strong></span> <span class='ocrx_word' id='word_1_255' title='bbox 482 3350 513 3399; x_wconf 65' lang='lat' dir='ltr'><strong>ta</strong></span> <span class='ocrx_word' id='word_1_256' title='bbox 523 3350 672 3399; x_wconf 71' lang='lat' dir='ltr'><strong>armenem</strong></span> <span class='ocrx_word' id='word_1_257' title='bbox 685 3350 708 3397; x_wconf 76' lang='lat' dir='ltr'><strong>a</strong></span> <span class='ocrx_word' id='word_1_258' title='bbox 722 3350 749 3403; x_wconf 87' lang='lat' dir='ltr'><strong>c.</strong></span> <span class='ocrx_word' id='word_1_259' title='bbox 766 3350 791 3397; x_wconf 72' lang='lat' dir='ltr'><strong>a</strong></span> 
     </span>
     <span class='ocr_line' id='line_1_35' title="bbox 162 3412 789 3475; baseline 0.003 -17"><span class='ocrx_word' id='word_1_260' title='bbox 162 3412 252 3459; x_wconf 84' lang='lat' dir='ltr'><strong>ratione</strong></span> <span class='ocrx_word' id='word_1_261' title='bbox 261 3414 331 3473; x_wconf 86' lang='lat' dir='ltr'><strong>spatii</strong></span> <span class='ocrx_word' id='word_1_262' title='bbox 346 3420 363 3461; x_wconf 86' lang='lat'><strong>4</strong></span> <span class='ocrx_word' id='word_1_263' title='bbox 376 3418 398 3463; x_wconf 89' lang='lat' dir='ltr'>A</span> <span class='ocrx_word' id='word_1_264' title='bbox 414 3416 435 3463; x_wconf 85' lang='lat' dir='ltr'>C</span> <span class='ocrx_word' id='word_1_265' title='bbox 450 3415 481 3463; x_wconf 90' lang='lat' dir='ltr'><strong>ad</strong></span> <span class='ocrx_word' id='word_1_266' title='bbox 496 3414 597 3475; x_wconf 82' lang='lat' dir='ltr'><strong>spatium</strong></span> <span class='ocrx_word' id='word_1_267' title='bbox 614 3412 789 3475; x_wconf 63' lang='lat' dir='ltr'><strong>emmau),</strong></span> 
     </span>
     <span class='ocr_line' id='line_1_36' title="bbox 163 3474 790 3539; baseline 0.003 -18"><span class='ocrx_word' id='word_1_268' title='bbox 163 3474 188 3521; x_wconf 89' lang='lat' dir='ltr'><strong>id</strong></span> <span class='ocrx_word' id='word_1_269' title='bbox 199 3484 240 3533; x_wconf 85' lang='lat' dir='ltr'><strong>est,</strong></span> <span class='ocrx_word' id='word_1_270' title='bbox 257 3476 382 3537; x_wconf 80' lang='lat' dir='ltr'><strong>iuratione</strong></span> <span class='ocrx_word' id='word_1_271' title='bbox 393 3478 561 3539; x_wconf 76' lang='lat' dir='ltr'><strong>compositior</strong></span> <span class='ocrx_word' id='word_1_272' title='bbox 572 3478 661 3526; x_wconf 82' lang='lat' dir='ltr'><strong>ratione</strong></span> <span class='ocrx_word' id='word_1_273' title='bbox 671 3476 790 3525; x_wconf 75' lang='lat' dir='ltr'><strong>densitatis</strong></span> 
     </span>
     <span class='ocr_line' id='line_1_37' title="bbox 163 3540 790 3605; baseline 0 -18"><span class='ocrx_word' id='word_1_274' title='bbox 163 3553 230 3600; x_wconf 80' lang='lat' dir='ltr'><strong>aquae</strong></span> <span class='ocrx_word' id='word_1_275' title='bbox 246 3540 277 3587; x_wconf 79' lang='lat' dir='ltr'><strong>ad</strong></span> <span class='ocrx_word' id='word_1_276' title='bbox 295 3540 432 3591; x_wconf 81' lang='lat' dir='ltr'><strong>densitatem</strong></span> <span class='ocrx_word' id='word_1_277' title='bbox 450 3541 551 3605; x_wconf 89' lang='lat' dir='ltr'><strong>cylindri</strong></span> <span class='ocrx_word' id='word_1_278' title='bbox 572 3543 596 3588; x_wconf 98' lang='lat' dir='ltr'>A</span> <span class='ocrx_word' id='word_1_279' title='bbox 610 3542 632 3589; x_wconf 87' lang='grc' dir='ltr'>Β</span> <span class='ocrx_word' id='word_1_280' title='bbox 646 3542 671 3589; x_wconf 93' lang='lat' dir='ltr'>D</span> <span class='ocrx_word' id='word_1_281' title='bbox 685 3541 704 3588; x_wconf 90' lang='lat' dir='ltr'>C</span> <span class='ocrx_word' id='word_1_282' title='bbox 719 3550 743 3587; x_wconf 89' lang='lat' dir='ltr'><strong>et</strong></span> <span class='ocrx_word' id='word_1_283' title='bbox 752 3554 790 3587; x_wconf 85' lang='lat' dir='ltr'><strong>ra·</strong></span> 
     </span>
     <span class='ocr_line' id='line_1_38' title="bbox 163 3602 791 3668; baseline 0.005 -20"><span class='ocrx_word' id='word_1_284' title='bbox 163 3602 224 3649; x_wconf 87' lang='lat' dir='ltr'><strong>tione</strong></span> <span class='ocrx_word' id='word_1_285' title='bbox 236 3609 251 3650; x_wconf 70' lang='lat'>2</span> <span class='ocrx_word' id='word_1_286' title='bbox 262 3604 293 3651; x_wconf 85' lang='lat' dir='ltr'><strong>ad</strong></span> <span class='ocrx_word' id='word_1_287' title='bbox 304 3610 326 3652; x_wconf 80' lang='grc'><strong>3.</strong></span> <span class='ocrx_word' id='word_1_288' title='bbox 364 3608 388 3655; x_wconf 82' lang='lat' dir='ltr'><strong>Si</strong></span> <span class='ocrx_word' id='word_1_289' title='bbox 406 3608 484 3668; x_wconf 87' lang='lat' dir='ltr'><strong>itaque</strong></span> <span class='ocrx_word' id='word_1_290' title='bbox 499 3606 534 3653; x_wconf 85' lang='lat' dir='ltr'><strong>via</strong></span> <span class='ocrx_word' id='word_1_291' title='bbox 549 3604 597 3667; x_wconf 81' lang='lat' dir='ltr'><strong>qud</strong></span> <span class='ocrx_word' id='word_1_292' title='bbox 612 3613 675 3653; x_wconf 86' lang='lat' dir='ltr'><strong>totus</strong></span> <span class='ocrx_word' id='word_1_293' title='bbox 692 3603 791 3665; x_wconf 85' lang='lat' dir='ltr'><strong>cylindri</strong></span> 
     </span>
     <span class='ocr_line' id='line_1_39' title="bbox 165 3666 790 3731; baseline 0.006 -18"><span class='ocrx_word' id='word_1_294' title='bbox 165 3666 189 3713; x_wconf 92' lang='lat' dir='ltr'>A</span> <span class='ocrx_word' id='word_1_295' title='bbox 208 3668 230 3715; x_wconf 92' lang='grc' dir='ltr'>Β</span> <span class='ocrx_word' id='word_1_296' title='bbox 250 3668 276 3715; x_wconf 93' lang='lat' dir='ltr'>D</span> <span class='ocrx_word' id='word_1_297' title='bbox 295 3669 316 3717; x_wconf 84' lang='lat'><strong>0</strong></span> <span class='ocrx_word' id='word_1_298' title='bbox 336 3680 423 3727; x_wconf 87' lang='lat' dir='ltr'><strong>motus,</strong></span> <span class='ocrx_word' id='word_1_299' title='bbox 448 3668 594 3718; x_wconf 86' lang='lat' dir='ltr'><strong>intereadum</strong></span> <span class='ocrx_word' id='word_1_300' title='bbox 617 3667 790 3731; x_wconf 79' lang='lat' dir='ltr'><strong>longitudinem</strong></span> 
     </span>
     <span class='ocr_line' id='line_1_40' title="bbox 163 3731 790 3795; baseline 0.002 -18"><span class='ocrx_word' id='word_1_301' title='bbox 163 3732 214 3778; x_wconf 85' lang='lat' dir='ltr'><strong>4A</strong></span> <span class='ocrx_word' id='word_1_302' title='bbox 228 3731 257 3786; x_wconf 87' lang='lat' dir='ltr'><strong>C,</strong></span> <span class='ocrx_word' id='word_1_303' title='bbox 274 3732 423 3783; x_wconf 80' lang='lat' dir='ltr'><strong>uniformiter</strong></span> <span class='ocrx_word' id='word_1_304' title='bbox 438 3733 554 3787; x_wconf 87' lang='lat' dir='ltr'><strong>describit,</strong></span> <span class='ocrx_word' id='word_1_305' title='bbox 573 3733 678 3795; x_wconf 75' lang='lat' dir='ltr'><strong>generari</strong></span> <span class='ocrx_word' id='word_1_306' title='bbox 688 3731 725 3779; x_wconf 78' lang='lat' dir='ltr'><strong>vel</strong></span> <span class='ocrx_word' id='word_1_307' title='bbox 739 3731 790 3779; x_wconf 87' lang='lat' dir='ltr'><strong>tolli</strong></span> 
     </span>
     <span class='ocr_line' id='line_1_41' title="bbox 162 3794 789 3861; baseline -0.003 -18"><span class='ocrx_word' id='word_1_308' title='bbox 162 3794 241 3855; x_wconf 70' lang='lat' dir='ltr'><strong>pudt,</strong></span> <span class='ocrx_word' id='word_1_309' title='bbox 261 3796 292 3843; x_wconf 85' lang='lat' dir='ltr'><strong>sit</strong></span> <span class='ocrx_word' id='word_1_310' title='bbox 302 3798 332 3844; x_wconf 83' lang='lat' dir='ltr'><strong>ad</strong></span> <span class='ocrx_word' id='word_1_311' title='bbox 343 3799 391 3846; x_wconf 85' lang='lat' dir='ltr'><strong>vim</strong></span> <span class='ocrx_word' id='word_1_312' title='bbox 402 3799 503 3861; x_wconf 85' lang='lat' dir='ltr'><strong>aliquam</strong></span> <span class='ocrx_word' id='word_1_313' title='bbox 516 3798 545 3855; x_wconf 89' lang='lat' dir='ltr'><strong>P,</strong></span> <span class='ocrx_word' id='word_1_314' title='bbox 562 3805 590 3844; x_wconf 93' lang='lat' dir='ltr'><strong>ut</strong></span> <span class='ocrx_word' id='word_1_315' title='bbox 600 3796 700 3844; x_wconf 69' lang='lat' dir='ltr'><strong>densitas</strong></span> <span class='ocrx_word' id='word_1_316' title='bbox 715 3795 789 3858; x_wconf 85' lang='lat' dir='ltr'><strong>cylin-</strong></span> 
     </span>
     <span class='ocr_line' id='line_1_42' title="bbox 165 3857 789 3925; baseline 0.005 -21"><span class='ocrx_word' id='word_1_317' title='bbox 165 3857 201 3905; x_wconf 85' lang='lat' dir='ltr'><strong>dri</strong></span> <span class='ocrx_word' id='word_1_318' title='bbox 222 3859 245 3907; x_wconf 92' lang='lat' dir='ltr'>A</span> <span class='ocrx_word' id='word_1_319' title='bbox 265 3858 287 3907; x_wconf 88' lang='lat' dir='ltr'><strong>B</strong></span> <span class='ocrx_word' id='word_1_320' title='bbox 305 3860 369 3910; x_wconf 83' lang='lat' dir='ltr'><strong>DC</strong></span> <span class='ocrx_word' id='word_1_321' title='bbox 391 3864 421 3911; x_wconf 86' lang='lat' dir='ltr'><strong>ad</strong></span> <span class='ocrx_word' id='word_1_322' title='bbox 436 3862 574 3909; x_wconf 76' lang='lat' dir='ltr'><strong>densitatem</strong></span> <span class='ocrx_word' id='word_1_323' title='bbox 593 3872 667 3923; x_wconf 73' lang='lat' dir='ltr'><strong>aquic,</strong></span> <span class='ocrx_word' id='word_1_324' title='bbox 685 3861 729 3907; x_wconf 90' lang='lat' dir='ltr'><strong>erit</strong></span> <span class='ocrx_word' id='word_1_325' title='bbox 747 3858 789 3925; x_wconf 64' lang='lat' dir='ltr'><strong>(ek</strong></span> 
     </span>
     <span class='ocr_line' id='line_1_43' title="bbox 167 3922 788 3988; baseline 0.005 -19"><span class='ocrx_word' id='word_1_326' title='bbox 167 3922 246 3985; x_wconf 79' lang='lat' dir='ltr'><strong>equo)</strong></span> <span class='ocrx_word' id='word_1_327' title='bbox 260 3924 355 3985; x_wconf 75' lang='lat' dir='ltr'><strong>pondera</strong></span> <span class='ocrx_word' id='word_1_328' title='bbox 366 3926 471 3988; x_wconf 75' lang='lat' dir='ltr'><strong>predicti</strong></span> <span class='ocrx_word' id='word_1_329' title='bbox 481 3925 579 3987; x_wconf 88' lang='lat' dir='ltr'><strong>cylindri</strong></span> <span class='ocrx_word' id='word_1_330' title='bbox 589 3940 655 3987; x_wconf 75' lang='lat' dir='ltr'><strong>equa</strong></span> <span class='ocrx_word' id='word_1_331' title='bbox 666 3924 696 3972; x_wconf 83' lang='lat' dir='ltr'><strong>ad</strong></span> <span class='ocrx_word' id='word_1_332' title='bbox 707 3925 754 3971; x_wconf 84' lang='lat' dir='ltr'><strong>rim</strong></span> <span class='ocrx_word' id='word_1_333' title='bbox 766 3924 788 3972; x_wconf 88' lang='lat' dir='ltr'>P</span> 
     </span>
     <span class='ocr_line' id='line_1_44' title="bbox 163 3986 787 4065; baseline 0.003 -33"><span class='ocrx_word' id='word_1_334' title='bbox 163 3995 191 4032; x_wconf 87' lang='lat' dir='ltr'><strong>ut</strong></span> <span class='ocrx_word' id='word_1_335' title='bbox 201 3992 216 4033; x_wconf 76' lang='lat'>2</span> <span class='ocrx_word' id='word_1_336' title='bbox 226 3986 257 4033; x_wconf 81' lang='lat' dir='ltr'><strong>ad</strong></span> <span class='ocrx_word' id='word_1_337' title='bbox 268 3995 290 4044; x_wconf 80' lang='lat'><strong>8.</strong></span> <span class='ocrx_word' id='word_1_338' title='bbox 302 3990 372 4065; x_wconf 73' lang='lat' dir='ltr'><strong>atqud</strong></span> <span class='ocrx_word' id='word_1_339' title='bbox 382 3990 436 4038; x_wconf 81' lang='lat' dir='ltr'><strong>ided</strong></span> <span class='ocrx_word' id='word_1_340' title='bbox 446 3988 538 4051; x_wconf 87' lang='lat' dir='ltr'><strong>pondus</strong></span> <span class='ocrx_word' id='word_1_341' title='bbox 545 3988 644 4050; x_wconf 88' lang='lat' dir='ltr'><strong>cylindri</strong></span> <span class='ocrx_word' id='word_1_342' title='bbox 654 4004 728 4051; x_wconf 79' lang='lat' dir='ltr'><strong>aquae,</strong></span> <span class='ocrx_word' id='word_1_343' title='bbox 739 3986 787 4052; x_wconf 75' lang='lat' dir='ltr'><strong>qud</strong></span> 
     </span>
     <span class='ocr_line' id='line_1_45' title="bbox 162 4050 787 4117; baseline 0.006 -20"><span class='ocrx_word' id='word_1_344' title='bbox 162 4050 289 4099; x_wconf 50' lang='lat' dir='ltr'><strong>&amp;nanus</strong></span> <span class='ocrx_word' id='word_1_345' title='bbox 303 4068 499 4103; x_wconf 79' lang='lat' dir='ltr'><strong>mmoressenoa</strong></span> <span class='ocrx_word' id='word_1_346' title='bbox 514 4062 604 4115; x_wconf 77' lang='lat' dir='ltr'><strong>potast3</strong></span> <span class='ocrx_word' id='word_1_347' title='bbox 623 4066 695 4117; x_wconf 79' lang='lat' dir='ltr'><strong>qum</strong></span> <span class='ocrx_word' id='word_1_348' title='bbox 707 4052 736 4101; x_wconf 82' lang='lat' dir='ltr'><strong>in</strong></span> <span class='ocrx_word' id='word_1_349' title='bbox 749 4064 787 4101; x_wconf 82' lang='lat' dir='ltr'><strong>ra·</strong></span> 
     </span>
    </p>
   </div>
   <div class='ocr_carea' id='block_1_8' title="bbox 57 4088 328 4167">
    <p class='ocr_par' dir='ltr' id='par_1_8' title="bbox 57 4088 328 4167">
     <span class='ocr_line' id='line_1_46' title="bbox 57 4088 328 4167; baseline 0.026 -6"><span class='ocrx_word' id='word_1_350' title='bbox 57 4088 61 4103; x_wconf 44' lang='grc'><strong>’</strong></span> <span class='ocrx_word' id='word_1_351' title='bbox 162 4113 328 4167; x_wconf 81' lang='lat' dir='ltr'><strong>ticnc2ad8.</strong></span> 
     </span>
    </p>
   </div>
   <div class='ocr_carea' id='block_1_9' title="bbox 0 0 1726 5500">
    <p class='ocr_par' dir='ltr' id='par_1_9' title="bbox 0 0 1726 5500">
     <span class='ocr_line' id='line_1_47' title="bbox 0 0 1726 5500; baseline 0 0"><span class='ocrx_word' id='word_1_352' title='bbox 0 0 1726 5500; x_wconf 95' lang='lat' dir='ltr'><strong> </strong></span> 
     </span>
    </p>
   </div>
  </div>
 </body>
</html>
