3434 5500
277 418 339 474 isc
388 379 389 384 '
577 407 915 478 curiosorum
937 410 1209 476 urrunnurs
1270 407 1381 488 [Mor.
1399 405 1561 471 comos:

270 574 410 642 deranda
423 578 516 654 venit,
533 577 574 640 sit
588 579 629 640 ad
642 579 847 643 resistentiam
861 578 999 662 ejusdem
1014 576 1144 661 penduli
1157 576 1261 652 totius,
1283 574 1393 638 eadem
1407 596 1480 637 cunr
1500 596 1552 636 ve-

269 683 392 748 locitate
415 685 448 747 in
473 688 545 748 aiire
567 685 746 763 oscillantis,
774 687 814 769 (²)
829 697 865 750 ut
879 695 942 750 850
957 685 998 748 ad
1015 693 1029 746 1
1048 685 1179 758 circiter,
1205 681 1265 744 hcc
1280 692 1336 756 est,
1363 692 1400 742 ut
1413 679 1550 744 densitas

270 790 414 875 aquaead
428 790 613 856 densitatem
626 792 706 856 alitis
721 791 967 877 quamproximd.

313 899 353 962 ln
372 898 433 962 hoc
454 899 574 964 calculo
597 901 677 964 sumi
698 924 822 987 quoque
843 901 973 966 deberet
992 923 1065 985 pars
1085 899 1139 962 illa
1157 874 1345 962 -resistentiae
1369 895 1501 979 penduli
1519 894 1552 956 in

271 1003 361 1089 aquai,
377 1023 448 1089 quae
462 1018 544 1069 esset
557 1017 593 1070 ut
607 1006 793 1091 quadratum
807 997 987 1085 velocilatis‚
1004 1006 1059 1072 sod
1075 1003 1173 1091 (quod
1183 1003 1296 1066 mirum
1307 1002 1387 1066 forte
1397 999 1550 1082 videatur)

272 1110 445 1174 resistentia
466 1111 499 1173 in
516 1133 597 1196 aqua
618 1112 789 1198 augebatur
810 1113 984 1183 iuratione
1004 1111 1172 1176 velocitatis
1196 1112 1361 1196 plusquam
1386 1108 1550 1194 duplicata.

271 1219 347 1303 Ejus
362 1217 409 1280 rei
430 1239 555 1280 causam
570 1201 802 1305 investigando,
828 1220 862 1282 in
883 1219 965 1284 hanc
985 1218 1090 1295 incidi,
1109 1217 1195 1303 quod
1215 1239 1288 1280 arco
1307 1217 1399 1280 nimis
1420 1229 1551 1302 augusta

272 1319 353 1390 esset
366 1349 426 1410 pro
439 1327 654 1414 magnitudine
674 1328 760 1414 globi
781 1329 920 1412 penduli,
944 1342 976 1393 et
996 1341 1117 1392 motum
1139 1347 1228 1412 aquae
1253 1325 1390 1390 cedentis
1412 1346 1479 1408 prae
1495 1347 1551 1386 an·
1626 1396 1630 1404 ⁸

173 1459 176 1466 ’
269 1435 372 1520 gustii
388 1433 443 1498 suti
458 1436 550 1518 nimis
569 1436 767 1521 impediebat.
793 1435 897 1500 'Nam
918 1437 944 1500 si
965 1435 1080 1523 globus
1101 1434 1266 1518 pendulus,
1292 1435 1380 1518 cujus
1402 1433 1551 1498 diameter

269 1553 336 1604 erat
345 1541 434 1627 digiti
446 1541 546 1618 unius,
557 1541 810 1630 immergeretur3
825 1542 1001 1606 resistentia
1015 1541 1196 1628 augebatur,
1211 1541 1245 1603 in
1259 1538 1414 1624 duplicati
1428 1541 1548 1603 ratione

268 1647 438 1710 velocitatis
454 1667 546 1731 quam
560 1647 714 1730 proxime.
759 1648 797 1712 Id
812 1649 969 1713 tentabam
985 1647 1195 1712 construendo
1208 1646 1381 1729 pendulum
1394 1668 1435 1708 ex
1447 1646 1550 1734 globis

270 1756 403 1832 duobuS,
420 1777 551 1841 quorum
566 1756 693 1821 inferior
708 1769 739 1822 et
753 1758 855 1822 minor
868 1758 1061 1823 osc'illaretur
1075 1759 1107 1821 in
1122 1757 1212 1842 aquis,
1239 1757 1381 1841 superior
1401 1769 1432 1820 et
1452 1756 1551 1840 major

270 1860 414 1947 proxime
435 1883 530 1946 supra
544 1885 656 1948 aquam
670 1864 726 1928 filo
740 1864 851 1928 affixus
873 1878 964 1942 esset,
989 1865 1075 1929 etin
1096 1867 1168 1928 alise
1189 1863 1369 1940 oscilland0,
1394 1863 1551 1948 adjuvaret

269 1980 390 2032 motum
403 1968 533 2051 penduli
548 1992 681 2054 eumque
695 1969 922 2035 diuturniorem
937 1970 1092 2034 redderet.
1137 1969 1359 2053 Experimenta
1373 1956 1477 2032 alitem
1490 1968 1551 2032 hoc

270 2077 365 2140 modo
379 2075 519 2138 instituta
534 2099 567 2140 se
580 2076 737 2142 habebant
751 2091 786 2142 ut
804 2082 841 2164 (⁰)
856 2079 890 2141 in
904 2078 1011 2143 tubuli
1026 2092 1173 2166 sequente
1188 2080 1394 2152 describitur„

1419 2243 1449 2336 ὲ.

1353 2259 1373 2334 i

1350 2358 1443 2437 iis

1345 2471 1364 2548 i

1345 2581 1363 2634 c

367 2251 464 2314 Arcus
479 2254 616 2315 descensu
624 2255 727 2334 primo
741 2255 904 2336 decerptus
943 2263 982 2319 16
1027 2265 1045 2319 8
1111 2264 1131 2318 4
1206 2262 1225 2317 2
1293 2263 1306 2316 1

366 2355 463 2419 Arma
477 2379 599 2421 ascensu
614 2360 719 2421 ultimo
736 2360 899 2442 descriptus
938 2366 977 2422 12
1021 2368 1041 2424 6
1070 2427 1073 2432 ,
1107 2369 1126 2423 3
1209 2363 1246 2440 ll
1289 2358 1308 2435 i

366 2463 922 2552 Arcuumdgffmotcicmissoprcport.
959 2477 980 2531 4
1024 2473 1044 2528 2
1105 2473 1118 2526 l
1222 2468 1241 2544 l,
1283 2465 1302 2541 4
1400 2465 1440 2543 1¹3,

368 2547 516 2636 mundus
530 2575 746 2641 oscillationem
955 2571 992 2649 st
1018 2576 1058 2653 ci
1077 2574 1157 2652 ies,
1176 2573 1238 2656 2ιὲ
1260 2579 1299 2634 24
1323 2579 1341 2635 5
1380 2573 1439 2661 aa}

312 2762 511 2828 Conferendo
527 2766 714 2829 resistentias
728 2767 903 2830 mediorum
917 2767 998 2830 inter
1012 2786 1055 2843 se,
1079 2766 1168 2829 effeci
1185 2765 1277 2829 etiam
1291 2777 1327 2828 ut
1340 2762 1477 2848 pendula
1490 2762 1550 2825 fer-

266 2892 320 2933 rea
342 2872 558 2936 osoillarentur
571 2874 604 2935 in
619 2884 749 2959 argento
764 2875 842 2939 vivo.
888 2875 1069 2963 Longitudo
1083 2876 1128 2937 fili
1142 2876 1312 2939 ferreierat
1325 2874 1442 2957 pedum
1463 2872 1551 2957 quasi

266 2974 372 3051 trium,
388 2987 419 3039 et
434 2976 584 3041 diameter
597 2977 683 3064 globi
698 2978 826 3062 penduli
841 2978 930 3064 quasi
944 2980 1034 3042 tertia
1048 2999 1121 3062 pars
1135 2978 1232 3065 digiti.
1277 2977 1331 3041 Ad
1344 2978 1433 3040 iilum
1447 2988 1550 3041 auteur

266 3082 409 3165 proxime
424 3106 519 3168 supra
533 3086 720 3149 mercurium
737 3084 846 3149 affixus
862 3096 927 3148 erat
941 3085 1056 3173 globus
1067 3085 1144 3148 alius
1158 3084 1322 3169 plumbeus
1333 3083 1405 3149 sutis
1419 3106 1551 3171 magnus

270 3189 310 3252 ad
324 3202 444 3253 motum
459 3191 587 3275 penduli
601 3192 717 3256 diutius
732 3192 985 3257 continuandum.
1031 3190 1116 3255 Tum
1130 3190 1299 3269 vasculum,
1315 3189 1400 3277 quod
1411 3190 1550 3274 capiebat

267 3296 359 3379 quasi
373 3295 469 3360 libras
486 3310 547 3361 tres
562 3300 683 3385 argenti
704 3298 775 3377 vivi,
797 3298 966 3382 implebam
986 3297 1106 3360 vicibus
1127 3297 1253 3361 alternis
1275 3310 1406 3384 argento
1429 3297 1500 3361 vivo
1520 3308 1551 3358 et

176 3445 179 3453 ι
267 3403 345 3489 aqui
358 3405 525 3481 communi,
549 3417 584 3490 ut
599 3404 736 3488 pendulo
751 3406 784 3467 in
798 3405 896 3468 fluido
911 3417 1043 3489 utroque
1057 3401 1228 3467 successive
1242 3402 1410 3479 oscillante,
1433 3400 1551 3465 inveni-

268 3532 334 3575 rem
348 3512 584 3596 proportionem
598 3513 856 3591 resistentiarum3
872 3524 905 3575 et
918 3512 1035 3596 prodiit
1049 3513 1224 3576 resistentia
1238 3512 1359 3599 argenti
1372 3513 1433 3574 vivi
1448 3510 1488 3574 ad
1502 3533 1551 3573 re·

187 3599 192 3605 ”
268 3616 440 3682 sistentiam
455 3640 545 3703 aquae
560 3630 595 3681 ut
611 3627 650 3683 lu
666 3617 715 3683 vel
733 3628 771 3682 14
786 3619 827 3682 ad
844 3628 858 3681 l
878 3618 1015 3681 circiter:
1038 3618 1142 3696 idest,
1157 3630 1193 3681 ut
1207 3617 1343 3681 densitas
1357 3617 1478 3703 argenti
1491 3615 1551 3679 vivi

267 3726 307 3787 ad
323 3726 507 3790 densitatem
521 3747 622 3811 aquae.
668 3726 733 3791 Ubi
747 3725 878 3812 globum
891 3723 1062 3809 pendulum
1075 3723 1171 3807 paulo
1183 3725 1333 3808 majorem
1355 3722 1550 3800 adhibebam,

268 3831 346 3916 putri
367 3834 454 3916 cujus
477 3832 627 3897 diameter
641 3843 722 3896 esset
736 3832 825 3917 quasi
840 3834 857 3910 l
875 3830 924 3894 vel
938 3832 958 3909 ξ
972 3841 1076 3914 partes
1090 3829 1189 3915 digiti,
1212 3828 1358 3914 prodibat
1380 3827 1552 3891 resistentia

268 3940 388 4025 argenti
402 3939 464 4002 vivi
478 3940 511 4003 in
526 3939 562 4003 esi
577 3939 697 4003 ratione
712 3938 753 4002 ad
767 3937 973 4002 resistentium
987 3956 1086 4022 aquae,
1110 3956 1204 4019 quam
1223 3934 1318 3997 habet
1339 3953 1487 3997 numerus
1511 3940 1550 3995 12

268 4153 271 4159 ’
300 4151 364 4215 (2)*
382 4154 413 4201 Ut
429 4156 662 4203 saeculariter.
698 4152 724 4201 si
743 4152 805 4199 eninr
827 4150 896 4199 resis-
927 4164 983 4198 casu
993 4163 1142 4211 unoquoque,
1160 4155 1183 4194 et
1194 4146 1320 4207 prodibunt
1330 4146 1467 4194 differentia
1477 4144 1502 4190 in
1513 4160 1549 4191 os-

267 4216 341 4263 tentia
350 4215 384 4262 fili
395 4226 496 4276 ponatur
510 4226 538 4264 ut
553 4218 623 4279 suprd
638 4218 727 4265 iactum
740 4226 782 4273 est,
800 4214 896 4276 equalis
927 4213 1044 4260 ciilrtione
1054 4212 1102 4259 uui
1112 4210 1223 4258 mediocri
1235 4214 1337 4269 i.1asr;
1348 4214 1450 4266 030763
1463 4213 1550 4263 .0827;

267 4279 341 4326 tertia
359 4280 422 4339 parti
438 4280 572 4327 resistentia
590 4282 663 4328 tatius
674 4282 699 4327 in
710 4281 770 4336 aere,
788 4280 831 4326 erit
846 4278 896 4324 iere
927 4280 1017 4333 .0285;
1033 4281 1122 4332 .0073;
1139 4280 1228 4330 .0025;
1247 4280 1322 4321 ,0010
1338 4288 1392 4336 que
1408 4281 1465 4319 arnt
1480 4286 1550 4333 quarn

268 4343 397 4389 resistentia
412 4342 509 4402 penduli
520 4343 545 4390 in
555 4344 616 4407 aqui
626 4344 656 4391 ad
674 4346 726 4407 eJur
742 4342 895 4394 resistentiam
927 4338 1033 4401 proxime
1043 4350 1071 4386 ut
1080 4337 1191 4402 quadrata
1201 4337 1356 4394 reindutum,
1367 4336 1416 4386 sire
1426 4340 1507 4392 ut16;
1518 4341 1552 4391 ⁴3

192 4426 195 4432 '
269 4413 342 4467 totam
359 4420 385 4466 in
399 4421 451 4467 a'e're
462 4428 489 4467 ut
499 4423 547 4468 535
558 4448 590 4459 -
601 4406 641 4487 ᾖ
651 4422 681 4469 ad
695 4428 706 4470 l
719 4410 781 4487 ἑ-
791 4406 839 4488 195),
852 4438 895 4469 seu
928 4422 964 4490 ¹3,
974 4416 1005 4480 ἧς
1016 4406 1109 4493 ᾗῇ
1121 4406 1216 4492 {min
1231 4417 1357 4491 maioribus
1372 4413 1551 4495 oscillatiouibus

270 4508 298 4545 ue
309 4504 372 4547 asra
383 4498 413 4545 ad
423 4504 446 4554 4,
467 4508 491 4545 et
510 4502 572 4547 ears
586 4506 611 4556 χ
625 4486 695 4566 fflii
706 4499 736 4547 ad
747 4506 763 4548 4
775 4507 801 4559 χ
814 4487 894 4567 cefff,
926 4494 1015 4539 ΡΜ
1025 4497 1089 4527 emm
1100 4491 1193 4528 armni
1211 4491 1267 4529 ⁸¹¹ss²
1283 4495 1389 4540 pronme
1405 4487 1550 4541 manuum

166 4571 175 4583 ·
269 4571 297 4608 ιη
309 4568 356 4609 850
367 4563 397 4609 „d
409 4568 420 4609 1
434 4563 532 4609 circiter,
926 4541 976 4589 iere
983 4543 1115 4605 quadrupli,
1133 4545 1159 4591 in
1168 4544 1298 4591 minoribus
1307 4542 1362 4590 verb
1371 4540 1551 4590 oscillationibus

303 4625 339 4687 (⁰)
353 4630 366 4657 *
380 4630 412 4673 In
422 4625 500 4676 tubuli
511 4636 624 4689 sequente.
661 4630 769 4675 Arcuum
785 4628 893 4675 differen·
927 4609 1083 4665 Pffloedffltoe
1100 4608 1194 4657 mini
1210 4617 1266 4656 ⁸⁰⁰²
1276 4608 1302 4655 ln
1311 4607 1402 4655 mim
1418 4605 1506 4654 185009
1520 4602 1548 4649 “¹

271 4686 309 4733 tia
327 4688 459 4737 dividantur
477 4706 518 4751 per
535 4706 659 4753 numerum
680 4692 851 4741 oscillationum
869 4691 895 4739 in
927 4681 1053 4732 Quem·
