3434 5500
246 358 309 419 sta
554 348 896 417 runosorunu
919 306 1191 415 alienans
1257 348 1531 439 [moneor-ton.

243 519 374 585 materis
386 518 513 585 vorticis
526 540 566 583 eo
579 517 705 606 fluidior
720 517 760 581 sit
775 539 838 603 quo
851 515 976 603 longius
990 515 1084 580 distat
1105 526 1256 593 acentro,
1280 516 1330 581 vel
1344 517 1530 599 resistentia,

241 619 314 714 quae
328 627 428 691 oritur
441 648 483 690 ex
495 624 619 689 defectu
632 623 817 687 lubricitatis
830 622 967 707 partium
983 621 1082 699 fluidi,
1109 644 1151 687 ex
1172 621 1263 687 aucth
1285 623 1447 697 velocitate
1468 626 1530 713 quai

242 748 347 819 partes
362 732 449 799 fluidi
464 744 647 818 separantur
660 732 701 797 ab
715 731 858 806 invicem,
879 742 1030 818 augeatur
1049 731 1083 793 in
1104 732 1222 815 majore
1243 731 1363 796 ratione
1378 732 1472 819 qutim
1492 759 1530 799 ea

243 840 336 905 estin
351 838 412 925 quai
426 839 572 903 velocitas
587 848 728 925 augetur.
773 836 921 912 Quorum
942 848 1047 899 tamen
1068 850 1215 901 neutrum
1237 838 1350 901 rationi
1364 836 1528 905 consenta-

241 968 337 1010 neum
351 946 481 1010 videtur.
526 945 635 1009 Partes
650 943 816 1008 crassiores
831 943 980 1023 eominus
994 942 1112 1021 fluidas,
1133 944 1193 1007 nisi
1207 967 1318 1031 graves
1333 946 1441 1011 sintin
1457 972 1529 1013 cen·
1596 944 1598 951 '

242 1063 334 1128 uum,
352 1050 385 1135 (¹)
400 1049 678 1115 circumferentiam
691 1055 816 1135 petent3
841 1062 874 1115 et
894 1047 1059 1113 verisimile
1073 1061 1122 1113 est
1137 1050 1231 1135 quod,
1255 1052 1376 1117 etiamsi
1397 1054 1529 1121 demon-

241 1159 424 1225 strationum
436 1157 537 1245 gratiis
551 1157 740 1245 hypothesin
754 1157 848 1223 talem
862 1158 952 1221 initio
969 1157 1120 1221 Sectionis
1135 1157 1228 1244 hujus
1242 1165 1468 1245 proposuerim,
1492 1179 1525 1230 ut

241 1271 413 1336 resistentia
426 1272 581 1335 velocitati
601 1268 843 1355 proportionalis
865 1280 955 1344 esset,
985 1265 1022 1351 (¹)
1039 1279 1143 1331 tamen
1164 1253 1338 1339 resistentia
1359 1272 1392 1335 in
1413 1275 1526 1347 minori

240 1376 281 1439 sit
294 1377 413 1440 ratione
428 1375 521 1462 quim
535 1400 574 1441 ea
587 1375 758 1440 velocitatis
772 1386 830 1439 est.
874 1373 907 1457 (¹)
926 1373 1000 1447 Quo
1022 1394 1178 1452 concesso,
1202 1386 1347 1459 tempora
1367 1380 1524 1462 periodica

202 1539 204 1550 .
239 1484 375 1567 partium
389 1484 515 1549 vorticis
526 1483 665 1547 eruntin
678 1482 790 1567 majori
810 1479 905 1566 quam
928 1479 1083 1563 duplicati
1105 1480 1224 1545 ratione
1247 1482 1462 1549 distantiarum
1483 1490 1525 1553 ab

238 1594 335 1678 ipsius
357 1605 474 1657 centro.
519 1592 615 1669 Quod
636 1592 664 1655 si
683 1591 817 1655 vortices
840 1589 900 1675 (uti
920 1588 1097 1675 aliquorum
1112 1600 1159 1654 est
1173 1592 1292 1675 opinio)
1309 1594 1439 1659 celerius
1454 1619 1524 1660 mo·

238 1714 369 1767 veantur
382 1725 482 1787 prope
496 1715 647 1777 centrum,
664 1699 737 1765 dein
751 1698 870 1762 tardius
885 1720 983 1783 nsque
997 1698 1038 1761 ad
1053 1710 1171 1761 certum
1182 1697 1321 1779 limitem,
1337 1714 1404 1765 tum
1419 1704 1526 1769 denuo

238 1810 368 1875 celerius
390 1813 482 1896 juxta
507 1809 803 1884 circumferentiam
827 1818 912 1871 certe
926 1828 984 1869 nec
998 1807 1078 1871 ratio
1100 1809 1317 1893 sesquiplieata
1341 1833 1442 1898 neque
1463 1815 1526 1879 alia

238 1918 354 2004 quoevis
368 1932 453 1982 certa
466 1941 503 1983 ac
518 1918 722 1983 determinata
732 1917 872 1981 obtinere
885 1927 997 2000 potest.
1043 1918 1090 1999 (¹¹¹)
1107 1918 1253 1983 Viderint
1263 1920 1367 2007 itaque
1381 1923 1524 2007 philoso-

237 2024 293 2109 phi
308 2047 371 2110 quo
384 2037 478 2108 pacto
500 2026 729 2109 phaenomenon
750 2022 830 2085 illud
850 2022 978 2085 rationis
1001 2023 1226 2108 sesquiplieata
1240 2048 1298 2111 per
1312 2030 1444 2094 vortices
1466 2054 1525 2096 exi·
1590 2069 1594 2073 ·

236 2132 345 2216 plicari
357 2133 464 2216 possit
1319 2132 1323 2141 ’

268 2304 301 2370 (ι)
313 2309 326 2338 ο
339 2309 554 2373 fflmsmmm
562 2316 648 2370 puerit.
677 2306 709 2354 Id
719 2302 859 2366 experientiti
892 2302 982 2351 Verum
993 2318 1035 2365 per
1045 2303 1141 2352 alteram
1156 2305 1296 2369 analogiam,
1314 2324 1420 2357 arearum
1432 2311 1523 2361 scilicet

235 2380 341 2430 conatam
358 2386 413 2419 nam
425 2372 514 2433 sisque
525 2372 550 2418 itt
566 2386 619 2418 vase
634 2380 743 2419 contenta
753 2371 778 2415 in
789 2368 859 2415 vorti·
890 2378 914 2415 et
925 2379 1065 2427 temporum,
1082 2369 1213 2417 velocitates
1224 2372 1328 2431 partium
1340 2375 1433 2421 vorticis
1443 2377 1522 2423 circu-

235 2448 286 2481 cam
294 2446 383 2497 agatur,
395 2435 466 2495 palea
474 2444 498 2482 et
505 2434 551 2482 alia
558 2434 694 2496 corpuscula
701 2432 779 2481 minias
787 2431 859 2495 fluida
889 2431 945 2477 laris
955 2440 1010 2477 suut
1020 2431 1043 2477 in
1056 2432 1143 2479 ratione
1153 2433 1253 2493 simplici
1265 2434 1426 2484 distantiarum
1438 2456 1453 2485 a
1465 2441 1523 2487 Sole

172 2550 176 2555 λ
235 2507 319 2558 petunt
329 2499 546 2546 circumferentiam.
890 2493 1017 2554 reciproce.
1052 2496 1115 2541 Nam
1132 2496 1150 2541 si
1167 2497 1261 2555 planeta
1274 2498 1302 2555 P,
1319 2500 1416 2547 orbitam
1433 2504 1522 2563 ellipti.

268 2561 305 2624 (a)
318 2566 331 2592 s
348 2565 437 2611 Tam
447 2565 575 2611 mmmm
586 2565 612 2611 ᾗ,
622 2563 707 2611 „rm
720 2564 750 2610 aa
760 2561 855 2609 maiam.
890 2572 941 2603 cam
954 2558 999 2622 Pq
1013 2557 1189 2617 deescnbat
1199 2571 1223 2607 et
1233 2560 1303 2608 radiis
1313 2562 1343 2610 ad
1355 2565 1492 2613 umbilicum
1505 2569 1523 2616 S

236 2624 303 2687 (Vid
315 2625 422 2671 ultimam
433 2634 481 2673 nm.
491 2626 518 2673 in
528 2628 572 2673 hoc
582 2625 667 2686 schol.)
890 2618 968 2669 ducib
977 2637 1041 2669 ⁸¹0ss
1052 2622 1153 2685 aequttles
1165 2624 1182 2670 S
1193 2624 1214 2673 Ρ
1224 2640 1248 2686 Ρ,
1262 2626 1278 2672 S
1292 2626 1349 2689 Ως,
1371 2630 1523 2689 tempuscula

267 2688 296 2752 (¹)
310 2693 323 2719 ·
338 2692 388 2743 Qtto
398 2706 508 2737 coacesm.
528 2690 589 2755 (Per
598 2699 646 2737 ttot
655 2687 726 2750 33³.)
1400 2712 1402 2717 ·

266 2752 308 2814 (ω)
322 2757 334 2784 s
353 2756 453 2800 vitatae
463 2757 541 2817 usqne
552 2756 684 2816 mutant
718 2751 854 2800 Dtffimtta
1163 2724 1257 2829 q*
1271 2770 1300 2822 ρ

233 2819 321 2871 crescit,
338 2815 358 2862 si
369 2816 412 2863 tria
422 2817 491 2864 unul
508 2819 686 2880 conjungantur,
702 2831 756 2878 quta
766 2816 855 2876 primata

233 2879 339 2925 omnium
361 2879 479 2939 Keplerus
495 2879 555 2928 mitt
573 2880 696 2942 sagacitate
706 2895 734 2926 ex
749 2882 854 2927 observa-

234 2939 337 2990 tiodibus
356 2943 514 2991 astronomicis
534 2944 639 2992 deduxit.
682 2943 790 2991 Primum
810 2952 853 3000 est,

232 3007 337 3065 planetas
352 3006 377 3053 in
396 3006 522 3067 ellipsibus,
543 3023 643 3070 quarum
657 3007 795 3055 umbilicum
813 3007 854 3056 tol

231 3078 337 3128 occupat,
348 3070 502 3119 revolutiones
511 3087 565 3118 suas
574 3087 690 3134 peragere.
718 3070 855 3119 Secundum

232 3143 268 3180 est
278 3134 380 3192 planetas
398 3134 504 3196 singulos
519 3135 590 3182 radiis
599 3135 630 3182 ad
642 3135 720 3183 Solem
730 3135 816 3189 ductis·
829 3143 854 3181 et

231 3195 340 3243 satellites
349 3196 419 3244 radiis
428 3197 462 3244 ad
468 3213 538 3245 suum
550 3197 684 3259 primarium
695 3197 778 3255 ductis,
789 3213 853 3244 areas

233 3259 360 3306 describere
370 3269 449 3320 tempo
483 3277 511 3308 us
521 3260 709 3323 proportionales.
745 3261 853 3308 Tertium

232 3332 274 3380 est,
285 3333 389 3384 tempora
396 3324 445 3384 peri
477 3326 512 3373 'ca
519 3326 665 3386 planetarum
672 3323 733 3371 circi
741 3325 820 3372 Solem
828 3334 853 3373 et

231 3387 357 3434 satellitum
366 3387 427 3435 ciret
436 3389 572 3448 primarium
582 3404 659 3445 strum,
670 3403 719 3434 esse
728 3388 754 3434 in
764 3389 852 3436 ratione

231 3450 392 3512 sesquiplicstti
409 3452 569 3499 distantiarum
585 3469 600 3501 a
614 3461 694 3500 oenoe
709 3451 747 3498 sui
764 3451 849 3500 motits.

159 3516 168 3536 ·
233 3514 271 3561 Er
283 3513 327 3561 bic
337 3516 485 3574 proportione
499 3517 618 3579 colligitur
632 3515 776 3574 planetarum
787 3515 851 3564 relo-

231 3579 311 3625 citatea
321 3579 346 3624 in
354 3578 507 3626 mediocribus
516 3579 663 3627 dismntiisab
669 3578 779 3626 umbilico
786 3594 851 3626 mmm

231 3630 358 3688 muniente
368 3641 484 3701 reciproce
493 3643 518 3688 in
528 3645 617 3691 ratione
632 3642 793 3702 subduplicati
803 3643 849 3690 dis·
905 3651 907 3658 '

232 3705 354 3752 undarum
365 3705 464 3752 illarum.
486 3705 537 3755 Sint
544 3707 608 3754 euim
617 3707 650 3765 D,
661 3716 685 3753 et
694 3705 851 3762 d,1nediocrea

230 3769 375 3830 planetarum
395 3769 509 3817 distantia
527 3771 551 3819 T
569 3781 593 3818 et
608 3781 626 3828 t,
648 3784 730 3818 eomm
746 3779 850 3832 tempora

230 3833 351 3892 periodica,
363 3841 387 3879 et
396 3834 506 3894 quoniam
515 3833 541 3881 itt
551 3834 650 3898 singulis
656 3833 800 3895 planetarum
811 3851 850 3882 or·

230 3895 284 3942 bitis
304 3911 374 3956 parva
393 3906 428 3943 est
448 3897 562 3945 distantia
579 3898 688 3945 maxima
705 3905 729 3944 et
746 3896 850 3946 minimae

230 3958 368 4015 differentia,
388 3959 408 4005 si
426 3961 558 4009 conferatur
573 3978 629 4009 cum
647 3958 779 4009 differenti&
796 3977 849 4024 qua

230 4023 291 4070 inter
306 4021 424 4070 munitas
441 4024 543 4074 duorum
561 4026 706 4086 planetarum
722 4023 849 4084 intercedit,

230 4088 304 4146 spatia
317 4087 458 4144 temporibus
470 4089 491 4137 T
501 4103 525 4136 et
535 4099 552 4147 t,
569 4089 681 4150 descripta
696 4097 764 4134 erunt
779 4105 851 4151 quarn

230 4151 335 4210 proxima
353 4159 379 4194 ut
395 4150 510 4199 distantia
523 4155 548 4201 D
559 4165 583 4200 et
593 4154 623 4212 d;
644 4151 707 4200 uude
722 4152 854 4202 velocitates
886 4137 941 4186 ‘³²¹⁰
957 4149 1037 4196 Wlfflin
1057 4151 1137 4218 θῖῐῑὶῐῦ
1149 4145 1166 4193 S
1176 4154 1200 4194 tt
1209 4143 1279 4195 radiis
1292 4149 1308 4196 S
1321 4150 1349 4224 ΙΡ,
1357 4151 1380 4226 *S
1393 4151 1515 4207 Qtlescri.

230 4262 299 4300 erunt
310 4262 336 4300 ut
346 4210 376 4338 r}
388 4261 412 4300 et
422 4213 460 4338 -ῗη
476 4254 520 4303 boc
529 4264 571 4310 est,
583 4265 611 4303 ut
624 4217 688 4375 Dp?
699 4263 724 4302 et
734 4214 788 4375 ἐξ,
806 4257 854 4307 sivd
886 4204 1262 4334 gillilalililcgsgrgussoeogcflffl
1271 4215 1399 4335 3¹:1¹3ss
1407 4219 1514 4330 25?ss

889 4329 1038 4390 SPp-²8
1083 4335 1232 4391 ><Pr=s
1298 4343 1360 4390 =S

232 4417 259 4456 ut
270 4375 312 4446 -l-
334 4418 359 4456 et
369 4375 420 4466 ·¹-,
436 4425 479 4457 seu
489 4410 599 4459 insubdu
616 4410 686 4460 licatti
701 4414 789 4462 mone
805 4430 855 4461 ma
888 4395 976 4441 ‘thim
993 4396 1016 4443 P
1026 4412 1039 4441 ¹
1049 4347 1096 4454 ‘pQ
1108 4400 1132 4446 R
1142 4417 1177 4445 =
1190 4401 1206 4447 s
1219 4340 1293 4456 QQg
1305 4405 1334 4452 P·
1370 4345 1514 4456 gedxlssrldl

272 4449 325 4512 Dl
369 4449 413 4512 dh
601 4429 631 4488 p*
694 4488 719 4530 ”a
863 4487 865 4494 ι
890 4457 951 4512 QR
966 4470 1022 4506 sunt
1037 4470 1065 4507 ut
1083 4465 1156 4521 spatia
1172 4463 1291 4514 circularia
1307 4471 1388 4515 eodem
1407 4480 1513 4532 tempore

231 4511 346 4586 diocrium
357 4513 518 4588 distentionem
530 4513 628 4588 inverse,
639 4514 664 4560 itt
674 4529 722 4589 qtra
731 4516 801 4563 etiam
817 4532 855 4590 ra·
887 4519 999 4581 descripta
1005 4521 1103 4586 ideoque
1111 4537 1138 4572 ut
1144 4528 1274 4576 velocitates
1280 4533 1403 4580 circulares
1408 4536 1513 4593 partium

231 4577 504 4652 pone-suntnpelocttates
518 4587 619 4638 paruum
637 4582 728 4625 vorticis
737 4581 855 4626 circularis
887 4585 980 4632 vorticis
997 4587 1022 4646 in
1041 4587 1069 4642 P,
1086 4598 1110 4636 et
1122 4591 1157 4647 Q;
1177 4591 1249 4653 quare
1259 4595 1387 4643 velocitates
1397 4597 1445 4644 illae
1455 4610 1514 4649 sunt

230 4653 256 4688 ¹¹¹
274 4639 390 4689 d¹⁵i⁸⁰²¹¹⁸
411 4641 437 4691 D
447 4649 470 4687 θῐ
481 4640 504 4697 dv
516 4657 530 4689 8
543 4641 597 4692 Sole
608 4643 661 4705 (per
677 4643 748 4705 Prop.
762 4643 854 4707 Lttl.)
887 4647 912 4698 iu
931 4649 1019 4698 ratione
1037 4651 1129 4701 inverati
1145 4653 1313 4708 distantiarum.
1350 4659 1424 4709 Porrti
1439 4662 1512 4726 quim
