3434 5500
253 424 317 483 292
579 404 920 504 PHILOSOPHIAE
942 400 1213 491 NATURALIS
1272 398 1380 479 [Mor.
1398 399 1544 463 Cottion.

215 505 228 553 Ι

298 589 398 654 Corol.
414 594 446 649 0.
482 584 578 650 Unde
599 604 671 647 cunt
692 580 827 648 altitudo
847 578 901 641 illa
916 577 947 640 Α
962 577 1002 641 sit
1018 586 1051 639 ut
1064 572 1155 639 fluidi
1169 572 1215 637 vis
1230 572 1356 637 elastica
1376 570 1493 636 directe
1513 585 1545 635 et

254 696 390 761 densitas
404 693 543 779 ejusdem
559 687 703 765 inversd;
721 690 763 773 (¹)
778 686 925 751 velocitas
939 684 1089 768 pulsuum
1108 681 1167 745 erit
1181 680 1214 743 in
1229 679 1349 745 ratione
1371 679 1544 764 compositi

254 826 297 869 ex
310 797 525 885 subduplicatit
539 797 660 863 ratione
674 794 836 863 densitatis
856 790 978 857 inversi
993 802 1025 857 et
1038 786 1255 872 subduplicati
1269 786 1389 853 ratione
1403 786 1450 851 vis
1465 786 1546 897 elas-¹·

255 913 325 977 ticae
343 908 470 975 dnae.

516 1157 801 1225 PROPOSITIO
825 1156 864 1222 L.
910 1154 1170 1221 PROBLEMA
1193 1152 1275 1234 XII.

655 1332 799 1399 Invenire
807 1332 946 1412 puteum
961 1330 1133 1395 diaconas.

302 1504 462 1590 Corporis,
485 1504 572 1590 cujus
591 1514 728 1566 tremore
749 1501 860 1586 pulsus
882 1501 1066 1578 excitantur,
1089 1499 1264 1563 inveniatur
1278 1520 1426 1562 numerus
1440 1496 1545 1559 vibra·

257 1617 378 1680 tionum
392 1615 466 1679 dato
481 1627 630 1698 tempore.
677 1613 739 1677 Per
752 1636 918 1679 numerum
939 1615 1027 1679 illurn
1049 1614 1205 1680 dividatur
1226 1613 1360 1699 spatium
1375 1610 1459 1698 quod
1474 1610 1545 1693 pul-

258 1746 310 1788 sus
326 1722 437 1787 eodem
452 1734 593 1805 tempore
607 1742 789 1807 percurrere
802 1720 911 1807 possit,
936 1732 967 1786 et
981 1743 1053 1808 pars
1065 1722 1189 1785 inventa
1205 1722 1242 1805 (⁰)
1258 1721 1318 1785 erit
1330 1718 1436 1806 pulsus
1453 1717 1545 1781 unius

259 1827 400 1895 latitudo.
446 1827 489 1903 Q.
504 1849 532 1891 e.
547 1825 568 1890 i.

823 2079 980 2147 scholium.

307 2251 455 2333 Spectant
468 2248 700 2332 Propositiones
714 2248 891 2311 novissimae
901 2249 941 2313 ad
956 2261 1076 2314 motum
1089 2250 1168 2315 lueis
1182 2263 1214 2316 et
1228 2271 1386 2315 sonorum.
1422 2250 1461 2334 (Ρ)
1472 2250 1548 2313 Lux

262 2359 346 2423 enim
360 2357 638 2446 edm-propagetur
653 2357 824 2423 secundum
838 2354 936 2423 lineas
951 2371 1061 2438 rectas,
1084 2360 1116 2424 in
1132 2360 1253 2423 actione
1268 2358 1333 2423 soli
1357 2365 1426 2443 (per
1450 2362 1547 2443 Prop.

262 2549 480 2603 circumierantiam.
507 2554 587 2610 Quare
596 2552 651 2601 edm
658 2553 792 2601 velocitates
798 2552 890 2601 unifor-
921 2568 980 2615 quas
998 2568 1082 2614 corpus
1099 2568 1211 2601 sonorum
1228 2552 1310 2601 eodem
1329 2563 1433 2614 tempore
1449 2554 1548 2615 perlicit,

263 2635 313 2666 met
334 2620 381 2665 sint
398 2628 426 2665 ut
443 2618 518 2677 spatia
538 2617 622 2664 eodem
641 2627 747 2677 tempore
768 2618 889 2678 descripta,
921 2616 1045 2675 dividatur,
1056 2629 1143 2679 quotus
1152 2618 1197 2665 erit
1207 2617 1288 2678 pulsis
1298 2618 1369 2665 unius
1376 2618 1483 2666 latitudo.
1501 2620 1550 2667 Sed

263 2682 345 2743 pulsus
354 2680 409 2728 verd
420 2681 512 2742 proprii
529 2681 650 2728 velocitate
661 2681 769 2743 aequabili
782 2680 889 2741 periphe-
922 2680 976 2727 dato
993 2696 1058 2736 sono,
1080 2696 1192 2728 numerus
1213 2682 1369 2729 vibrationum
1388 2698 1446 2743 quas
1463 2698 1549 2743 corpus

263 2746 322 2794 riam
339 2745 421 2793 circuli
435 2746 501 2793 radio
513 2745 537 2792 A
549 2745 659 2806 descripti
676 2754 780 2806 tempore
798 2745 890 2792 oscilla-
921 2759 1033 2792 sonorum
1051 2745 1106 2793 dato
1124 2754 1227 2808 ternpore
1244 2746 1342 2808 peragit,
1361 2746 1480 2794 invenitur
1495 2753 1550 2810 (per

265 2811 336 2856 tionis
352 2810 423 2856 unius
438 2825 466 2855 ex
483 2809 519 2856 itu
530 2817 554 2855 et
564 2808 640 2855 reditu
652 2810 786 2868 compositae
796 2824 891 2870 percur-
922 2809 1034 2856 sonnulas
1046 2815 1100 2868 808,
1113 2809 1186 2868 804123
1204 2810 1223 2856 si
1235 2809 1345 2857 nimirum
1361 2811 1448 2858 chorda
1459 2813 1550 2858 musica

265 2883 308 2927 rat,
319 2882 343 2919 et
353 2887 489 2935 gravatum
500 2871 613 2920 uniformi
624 2873 752 2929 velocitate,
764 2888 836 2934 quam
850 2889 890 2920 ao-
922 2873 952 2920 nd
962 2873 1091 2919 unisonum
1107 2874 1146 2920 vel
1163 2874 1193 2922 ad
1208 2883 1289 2920 notam
1304 2875 1480 2921 consonantiam
1491 2891 1549 2922 curn

265 2937 357 2998 quirere
367 2945 444 2996 potest
453 2934 559 2983 cadendo
566 2934 891 2996 perdimidiamaltitudinetn
922 2936 1185 2986 sonodutoreducatur.
1220 2936 1283 2986 Cium
1300 2938 1364 2985 enim
1379 2939 1549 2986 tonorumdif-

270 3002 302 3056 Α,
314 3000 396 3046 eodem
406 3010 510 3058 tempore
521 3000 583 3048 idem
591 3000 693 3059 spatium
703 3000 829 3058 describat3
847 3017 889 3060 pa·
921 3001 1017 3047 ferentia
1027 3017 1042 3048 a
1051 3015 1150 3048 numero
1165 3000 1320 3048 vibrationunt
1338 3017 1396 3064 quas
1411 3017 1496 3062 corpus
1511 3018 1549 3050 re·

267 3073 301 3110 tet
309 3063 440 3119 velocitates
446 3063 498 3110 illas
507 3064 590 3124 pulsus
600 3072 623 3110 et
633 3065 709 3125 gravis
721 3080 770 3112 esse
780 3065 887 3125 Quales.
921 3079 1006 3111 unum
1024 3063 1078 3112 dato
1096 3073 1201 3124 tempore
1217 3065 1322 3122 absolvit,
1342 3065 1443 3124 pendetu
1453 3070 1512 3130 (808
1524 3076 1549 3114 et

301 3127 336 3190 (¹²)
349 3131 362 3157 *
380 3129 486 3175 Velocitcs
499 3130 610 3188 psalmum
627 3129 677 3183 erit,
696 3129 738 3174 dc.
774 3127 891 3174 velocitas
921 3127 997 3189 51213
1013 3127 1085 3174 iidem
1095 3128 1145 3175 toni
1155 3127 1237 3175 eodem
1248 3129 1403 3176 vibrationum
1413 3129 1549 3176 isochrona·

268 3191 389 3249 pulsuum,
408 3202 436 3237 ut
451 3201 505 3250 pote
521 3190 679 3254 aequalis,(per
691 3191 744 3239 cor.
761 3191 795 3252 1.)
807 3191 890 3238 veloci-
922 3206 976 3238 rum
998 3205 1097 3238 numero
1120 3191 1289 3252 producuntur.
1322 3193 1414 3239 Notum
1435 3193 1491 3241 verd
1512 3203 1549 3240 est

270 3255 311 3299 tati
319 3269 389 3314 quam
397 3255 475 3316 gravia
483 3270 523 3314 per
534 3253 654 3300 dimidium
662 3255 809 3302 altitudinem
822 3256 897 3316 Aca-x
922 3256 1025 3318 spatium
1044 3254 1109 3318 quod
1129 3271 1201 3304 sonus
1227 3255 1282 3304 dato
1306 3265 1412 3316 tempore
1438 3256 1548 3305 describit

270 3315 347 3363 dando
358 3317 487 3378 aoquirunt.
505 3316 575 3365 estin
585 3318 674 3364 ratione
684 3316 846 3378 subduplicatti
855 3318 890 3365 al-
923 3319 1000 3384 (318).
1538 3331 1541 3352 ²

270 3380 376 3427 titudinis
391 3380 453 3427 illius
466 3382 488 3427 Α
499 3385 549 3445 (28.
565 3381 617 3428 Lib.
633 3381 685 3442 1.);
701 3382 744 3429 sed
756 3381 855 3430 altitudo
869 3381 892 3430 A
956 3381 1067 3444 Exempli
1077 3381 1154 3438 musi,
1167 3382 1186 3430 si
1197 3384 1381 3430 sonusomnium
1390 3384 1546 3443 acutissimus,

270 3443 341 3490 medii
352 3445 500 3507 homogenei,
512 3445 580 3508 cujus
589 3445 691 3492 dena'nas
700 3445 783 3494 eadem
792 3455 827 3492 est
837 3460 892 3492 curn
923 3461 994 3508 quem
1009 3447 1125 3506 possimus
1143 3447 1291 3509 distinguere.
1311 3448 1476 3496 vibrationibus
1487 3450 1547 3496 inte·

271 3507 383 3554 densitate
399 3508 471 3554 medii
491 3509 513 3554 E
532 3509 555 3554 G
571 3517 595 3555 et
611 3507 704 3568 pondua
721 3510 747 3556 iu
764 3508 893 3570 aequilibrio
923 3509 972 3572 gris
984 3516 1047 3558 6400
1058 3520 1161 3570 tempora
1171 3511 1257 3558 minuti
1265 3511 1336 3558 unius
1346 3512 1442 3558 secundi
1454 3512 1547 3560 absolu-

272 3587 327 3618 cum
345 3571 450 3633 eJua'dem
465 3571 538 3618 medii
549 3572 572 3618 E
587 3572 611 3619 G
627 3572 651 3618 vi
666 3572 767 3629 elasticd,
784 3582 893 3620 manente
924 3576 954 3621 tis
961 3574 1109 3636 producatur,
1127 3584 1150 3621 et
1163 3575 1270 3622 omnium
1280 3575 1429 3637 gravissimus
1439 3576 1547 3622 vibratio-

272 3635 384 3682 densitate
394 3645 429 3682 est
439 3644 467 3682 ut
474 3634 566 3694 pondus
574 3651 615 3682 seu
620 3636 790 3684 utriselastica
800 3635 891 3691 directe,
924 3637 994 3685 nibus
1007 3637 1053 3700 12}
1065 3638 1184 3694 excitetur,
1196 3639 1231 3686 uti
1244 3639 1277 3686 D.
1292 3639 1428 3686 Satirettrin
1441 3639 1548 3688 Historia

273 3707 298 3744 et
307 3708 416 3746 manente
425 3699 448 3744 vi
458 3697 552 3746 elasticd
567 3714 608 3746 seu
623 3699 894 3758 pondereestutdensi-
927 3703 1001 3749 Aead.
1022 3702 1106 3750 scient
1127 3701 1200 3749 Paris.
1219 3717 1257 3750 an.
1273 3707 1340 3750 1700.
1356 3703 1479 3752 arbitrante
1497 3711 1546 3762 est3

273 3769 309 3808 tas
325 3761 421 3819 inversd,
438 3761 494 3822 quia
509 3762 609 3810 densitas
619 3772 654 3811 est
664 3779 754 3824 semper
765 3774 792 3810 ut
801 3763 894 3824 pondus
925 3765 1002 3813 divide
1023 3766 1123 3826 spatium
1147 3771 1215 3812 1142.
1235 3765 1322 3825 pedum
1351 3765 1545 3820 Londinensium,

274 3823 359 3872 directe
377 3836 401 3872 et
417 3825 528 3873 volumen
546 3841 588 3873 seu
606 3827 704 3874 altitudo
717 3826 854 3886 Ainvetsd3
871 3836 895 3875 et
925 3829 989 3890 quod
1004 3845 1076 3876 sonus
1091 3838 1194 3889 tempore
1209 3829 1293 3877 minuti
1304 3830 1375 3876 unius
1384 3830 1481 3877 secundi
1491 3845 1548 3878 con·

275 3898 395 3949 propterea
413 3889 543 3952 conjunctis
558 3890 595 3936 hia
611 3890 738 3938 rationibus
751 3891 850 3938 altitudo
870 3891 894 3938 A
926 3893 981 3948 licit,
999 3908 1040 3953 per
1050 3908 1160 3940 numeros
1176 3899 1245 3941 6400.
1264 3902 1287 3940 et
1305 3893 1352 3955 1οξ
1371 3893 1506 3950 sucoessivd,
1524 3902 1549 3941 et

275 3962 312 3999 est
329 3968 418 4012 semper
428 3953 551 4000 iuratione
569 3951 695 4014 compositi
712 3970 741 4001 ex
757 3955 846 4002 ratione
861 3953 896 4001 vis
927 3957 1000 4020 quoti,
1020 3957 1125 4004 videlicet
1143 3956 1211 4020 digiti
1228 3963 1251 4011 2,
1270 3961 1308 4014 14,
1325 3965 1349 4003 et
1363 3957 1435 4017 pedes
1451 3963 1489 4014 91,
1505 3962 1547 4012 36,

276 4014 375 4062 elasticae
396 4015 481 4063 directe
501 4026 525 4064 et
544 4017 633 4064 ratione
652 4017 771 4066 densitatis
795 4017 893 4066 inversd.
927 4031 996 4068 erunt
1006 4021 1138 4068 latitudines
1150 4020 1267 4080 pulsuum,
1284 4021 1369 4083 quibus
1379 4021 1432 4068 soni
1442 4019 1548 4070 acutissi-

266 4139 269 4141 Α
279 4079 360 4134 Quare
371 4080 478 4126 velocitas
488 4081 600 4141 pulsuum
610 4080 655 4128 erit
664 4083 689 4127 in
700 4082 789 4128 ratione
799 4097 894 4143 compo-
926 4098 979 4131 mus
989 4095 1013 4132 et
1023 4084 1170 4148 gravissimus
1179 4084 1346 4146 producuntur.

277 4141 320 4193 siti
332 4159 362 4189 en
372 4142 533 4203 subduplicatd
543 4144 632 4191 ratione
647 4144 765 4192 densitatis
775 4145 897 4194 inversdet
961 4149 995 4212 (Ρ)
1010 4153 1021 4179 ⁸
1034 4151 1090 4196 Lua
1107 4151 1170 4196 enim
1188 4149 1242 4196 calm
1261 4149 1400 4210 propagetur
1420 4147 1549 4198 seeunddm

276 4204 439 4267 subdupltcaa
448 4207 536 4256 radone
543 4208 578 4254 vis
587 4208 686 4256 elastiooe
695 4208 788 4256 directi.
927 4213 999 4260 lineas
1010 4222 1087 4268 rectus,
1099 4222 1123 4259 et
1133 4213 1271 4272 interpositis
1281 4213 1415 4272 corporibus
1425 4213 1502 4272 opacis
1512 4213 1550 4258 in-

269 4277 273 4283 '
310 4271 349 4331 (⁰)
359 4275 372 4301 ·
385 4273 440 4319 Erit
454 4274 536 4332 pulsas
551 4274 623 4320 unios
640 4275 743 4320 latitudo.
777 4272 896 4328 Quoniam
928 4275 1067 4336 tercipiatur,
1076 4276 1101 4322 in
1109 4277 1199 4323 actione
1206 4275 1443 4336 midseupressione
1455 4284 1550 4323 motuve

277 4333 360 4394 pulsus
380 4349 461 4381 omnes
478 4333 589 4381 uniformi
607 4351 661 4383 cum
679 4336 799 4384 velocitate
814 4353 897 4397 propa
928 4353 970 4399 per
979 4339 1083 4386 medium
1099 4341 1219 4401 quodlibet
1234 4341 1332 4387 liuidum
1343 4350 1477 4402 propagato,
1493 4355 1552 4386 oon·

278 4407 364 4460 gantur
381 4401 421 4461 (ex
436 4397 498 4446 dem.
513 4398 584 4458 Prop.
597 4399 727 4449 XLVIII.
744 4409 768 4446 et
784 4401 897 4462 XLIX.)
930 4403 1008 4450 sistere
1019 4403 1113 4464 nequit;
1124 4404 1179 4468 quia
1189 4406 1274 4464 pressio
1282 4415 1305 4450 et
1311 4415 1389 4450 motus
1397 4419 1439 4464 per
1446 4403 1553 4450 medium

278 4469 346 4508 ettot
356 4462 438 4523 pulsus
448 4461 551 4524 aequales
561 4463 722 4522 producuntur
731 4464 757 4509 in
767 4464 826 4521 a'e're,
842 4474 900 4526 quot
930 4481 1000 4512 omne
1011 4466 1109 4513 fluidum
1126 4479 1253 4530 propagata
1268 4467 1392 4530 divergunt
1402 4485 1416 4514 a
1427 4478 1489 4514 recto
1505 4475 1554 4514 tra·

278 4534 334 4572 sunt
351 4526 451 4585 corporis
466 4525 560 4572 tremuli
576 4526 712 4573 vibrationes
726 4529 854 4575 isochronae
870 4544 899 4575 ex
931 4529 987 4576 mite
997 4531 1021 4576 in
1033 4531 1105 4590 spatia
1116 4532 1212 4578 immota
1222 4541 1246 4578 et
1255 4547 1315 4590 pone
1324 4531 1443 4579 obstacula
1453 4530 1555 4578 circum-

278 4586 899 4651 ituetredttucomposirae(per00r.Prop.1tLvt1.);
932 4608 1023 4655 quaque
1039 4594 1211 4653 diffunduntur,
1226 4611 1268 4656 per
1286 4591 1354 4655 Prop.
1366 4595 1453 4645 citatas-
1490 4592 1556 4642 Cium

278 4651 298 4696 si
309 4653 410 4712 spatium
428 4653 491 4715 quod
506 4653 589 4713 pulsus
599 4668 640 4700 seu
652 4669 723 4700 sonus
733 4655 787 4702 dato
797 4666 901 4715 tempore
931 4657 1004 4718 igitur
1014 4657 1095 4704 iumen
1106 4659 1135 4705 sit
1145 4674 1235 4718 corpus,
1253 4669 1279 4705 ut
1290 4668 1343 4718 pote
1351 4669 1417 4706 motu
1429 4658 1559 4720 progressi-

279 4729 412 4774 percurrere
431 4716 510 4778 possit,
530 4731 575 4767 ver
595 4731 720 4782 numerum
737 4719 900 4779 vibrationum,
933 4723 1098 4781 vopraditum‚
1107 4725 1134 4772 ab
1141 4722 1383 4770 obstaculisreflexnnt
1390 4733 1413 4770 et
1421 4722 1560 4780 refractum,
