3434 5500
579 416 920 487 PHILOSOPHIAE
942 417 1215 485 NATURALIS
1280 418 1390 498 [Mos.
1404 419 1552 485 Consors.

528 692 812 798 PROPQSITIO
834 693 894 758 v1.
939 695 1210 761 THEOREMA
1233 695 1292 760 IV.

270 868 405 946 Corpora
420 841 567 948 spicerica
581 867 758 949 homogenea
773 876 802 929 et
815 869 956 950 aqualia,
973 869 1149 931 resistentiis
1164 872 1196 932 in
1208 867 1364 952 duplicati
1374 858 1493 948 ratione
1503 890 1552 934 ue·

310 972 462 1034 locitatum
477 973 631 1052 impedita,
646 981 676 1034 et
689 974 759 1035 solis
774 973 889 1036 uiribus
909 976 1010 1036 insitis
1030 977 1169 1050 incitata,
1196 976 1374 1057 temporibus
1395 997 1461 1058 quse
1482 988 1552 1040 sunt

309 1076 459 1161 reciproce*
472 1090 506 1142 ut
520 1083 690 1146 velocitates
711 1081 763 1144 sub
786 1083 886 1158 initio,
913 1084 1084 1147 describunt
1100 1107 1212 1167 semper
1233 1088 1366 1170 aqualia
1386 1089 1497 1168 spatia,
1521 1097 1551 1150 et

309 1191 451 1252 amittant
459 1201 566 1272 partes
580 1193 766 1254 uelocitatum
775 1193 1021 1274 proportionales
1031 1180 1110 1258 totis

309 1355 504 1446 Asymptotis
516 1362 702 1448 rectangulis
715 1363 743 1426 C
753 1362 796 1439 D,
812 1362 839 1427 C
851 1363 888 1427 H
926 1417 960 1470 Η

266 1467 420 1552 descripti
435 1469 606 1554 hyperbolis
623 1468 731 1553 quivis
749 1470 810 1533 Bb
823 1471 851 1533 E
870 1493 888 1534 e

179 1573 185 1584 ’
266 1588 388 1639 secante
419 1574 642 1658 perpendicula
680 1577 709 1639 A
735 1577 773 1652 Β,
805 1599 823 1639 a
852 1578 884 1654 b,

266 1683 301 1746 D
314 1684 353 1760 E,
370 1683 430 1759 de,
441 1683 475 1745 in
488 1683 526 1759 Β,
537 1683 571 1776 1)χ
583 1683 622 1759 Ε,
636 1705 662 1759 e,
680 1685 716 1767 (Γ)
728 1705 889 1767 exponan-

266 1789 317 1854 tur
332 1790 509 1855 velocitates
524 1791 657 1856 initiales
682 1813 740 1876 per
754 1815 888 1878 perpen-

256 1897 369 1962 *dicula
395 1901 426 1963 A
442 1900 481 1976 B,
497 1899 531 1962 D
548 1900 587 1975 E,
617 1911 649 1962 et
668 1910 809 1983 tempora
830 1922 888 1984 per

264 2007 362 2069 lineas
386 2007 417 2069 A
431 2029 459 2082 a,
479 2007 513 2070 D
529 2005 559 2068 d.
604 2006 665 2090 Est
678 2027 755 2092 ergo
768 2019 804 2071 ut
819 2009 885 2071 Ae

264 2113 305 2175 e'd
330 2115 365 2178 D
380 2112 402 2175 d
424 2113 466 2176 its
494 2117 564 2197 (per
578 2112 777 2198 hypothesin)
805 2113 839 2177 D
856 2115 884 2178 E

265 2219 306 2282 ad
321 2221 352 2283 A
369 2219 408 2296 B,
425 2219 515 2283 etita
531 2220 631 2304 (²)(ex
645 2219 756 2284 naturis
770 2221 885 2307 hyper·
943 2293 947 2299 ,

263 2327 357 2406 bolae)
372 2328 400 2391 C
412 2329 443 2391 A
458 2328 499 2390 ad
510 2328 537 2391 C
547 2329 595 2403 D;
611 2341 642 2392 et
656 2331 882 2434 componendo,

251 2437 306 2510 ¹ite
338 2436 365 2499 C
391 2458 410 2497 a
435 2435 475 2498 ad
501 2435 528 2500 C
552 2435 584 2500 d.
628 2438 668 2521 (¹¹)
693 2435 780 2528 Ergo
801 2461 883 2502 areae
1070 2510 1073 2514 A
1234 2512 1238 2519 ⁴
1321 2515 1327 2527 ι

255 2547 294 2625 A
311 2546 339 2608 B
353 2545 375 2610 b
390 2571 418 2624 a,
435 2549 469 2612 D
486 2551 515 2613 E
530 2574 547 2613 e
562 2549 593 2626 d,
614 2551 747 2627 honest,
764 2552 863 2634 spatia
877 2552 1033 2637 descripta
1047 2567 1210 2640 sequantur
1224 2555 1306 2619 inter
1321 2579 1363 2633 se,
1387 2569 1418 2620 et
1432 2559 1546 2623 veloci-

261 2665 340 2718 tates
348 2633 459 2737 prirnae
475 2658 506 2720 A
524 2657 562 2734 B,
578 2657 613 2720 D
630 2657 659 2720 E
674 2668 747 2722 sunt
761 2659 876 2723 ultimis
891 2662 949 2737 ab,
966 2661 1026 2740 de,
1043 2676 1075 2727 et
1088 2677 1254 2747 propterea
1268 2665 1435 2730 dividendo
1449 2669 1546 2751 parti·

260 2760 319 2825 bus
335 2762 426 2825 etiam
443 2765 505 2827 suis
521 2764 640 2828 emissis
656 2766 729 2830 AB
739 2804 781 2817 -
796 2792 815 2833 a
829 2769 860 2845 b,
877 2769 911 2832 D
928 2768 957 2833 E
971 2784 1015 2821 '-
1029 2772 1051 2835 d
1066 2795 1084 2837 e
1104 2776 1363 2858 proportionales.
1409 2778 1451 2852 Q.
1467 2801 1495 2842 e.
1510 2778 1542 2841 d.

951 2393 977 2452 C

513 3047 793 3117 PROPOSITIO
814 3053 892 3117 VII.
939 3054 1211 3122 THEOREMA
1234 3060 1273 3121 V.

262 3244 397 3325 Corpora
412 3247 559 3327 spherica
575 3250 679 3331 quibus
692 3251 842 3314 resistitur
857 3253 890 3313 in
905 3233 1060 3333 duplicata
1074 3256 1194 3319 ratione
1208 3258 1405 3332 uelocitatem,
1431 3241 1543 3338 tempo-

260 3400 262 3405 .
300 3354 391 3429 ribus,
407 3376 472 3436 qua
486 3366 554 3419 sunt
567 3366 601 3419 ut
614 3367 707 3419 motus
715 3358 813 3437 primi
827 3354 939 3419 directi
952 3368 982 3421 et
994 3361 1174 3423 resistentia
1179 3362 1291 3442 primae
1305 3358 1429 3438 inversi,
1452 3363 1542 3423 amit·

300 3469 364 3521 tent
383 3472 490 3541 partes
500 3488 502 3491 ·
514 3472 640 3524 motuum
662 3444 907 3544 proportionales
920 3465 1000 3542 totis,
1025 3476 1055 3529 et
1068 3470 1171 3548 spatia
1185 3469 1349 3531 describent
1363 3469 1542 3550 temporibus

300 3565 366 3627 istis
380 3576 410 3627 et
423 3567 626 3629 uelocitatibus
636 3570 746 3647 primis
760 3567 937 3650 conjunctim
946 3574 1204 3653 proportionalia.

301 3733 341 3814 (¹)
365 3732 509 3817 Namque
524 3743 666 3795 motuum
681 3745 785 3816 partes
800 3734 920 3797 amissae
936 3748 1009 3798 sunt
1022 3748 1057 3799 ut
1071 3736 1253 3800 resistentiae
1267 3751 1299 3801 et
1309 3749 1451 3821 tempora
1465 3760 1541 3801 con·

252 3842 395 3925 junctim.
440 3842 541 3929 Igitur
556 3854 590 3905 ut
604 3853 707 3925 partes
723 3842 784 3905 illae
800 3843 864 3906 sint
877 3844 950 3905 totis
964 3844 1222 3927 proportionales,
1247 3845 1373 3909 debebit
1395 3847 1541 3909 resisten-

257 3948 300 4011 tie
313 3960 345 4011 et
358 3960 480 4031 ternpus
495 3948 684 4031 conjunctim
700 3970 768 4013 esse
788 3961 823 4011 ut
836 3961 949 4013 motus,
996 3951 1133 4014 Proinde
1156 3964 1278 4035 tempus
1304 3954 1364 4016 erit
1378 3964 1413 4015 ut
1436 3967 1539 4018 motus

289 4160 323 4225 (¹)
347 4166 360 4192 ⁹
388 4165 543 4224 Erponantur
563 4166 686 4213 velocitates
711 4167 816 4221 initiales,
838 4167 880 4213 &e
913 4165 940 4211 iu
950 4164 997 4213 fine
1007 4166 1102 4214 illorum
1112 4176 1244 4226 temporum
1255 4166 1353 4213 residuae
1361 4182 1403 4226 per
1413 4167 1485 4215 lineas
1494 4172 1538 4226 ab,

259 4224 322 4273 Cirm
342 4225 403 4272 enim
422 4242 517 4285 corpore
534 4228 581 4275 duo
598 4228 682 4274 similia
700 4230 844 4290 homogenea
860 4238 884 4275 et
914 4228 962 4285 de,
979 4239 1003 4276 et
1013 4230 1086 4289 matie
1095 4230 1131 4275 his
1141 4231 1284 4290 temporibus
1298 4229 1411 4291 descripta
1425 4247 1466 4293 per
1476 4249 1541 4280 areas

256 4289 355 4351 nequalia
364 4300 531 4349 supponantur,
551 4306 632 4338 eorum
648 4300 726 4338 motus
742 4292 882 4339 considerari
912 4292 1070 4351 hyperbolicas
1082 4295 1105 4339 A
1116 4294 1138 4340 B
1149 4296 1165 4340 b
1175 4309 1196 4350 a,
1211 4294 1236 4339 D
1249 4294 1271 4340 E
1283 4309 1296 4340 e
1306 4293 1330 4340 d.

255 4363 354 4411 possunt
371 4363 480 4413 tanquam
498 4354 657 4401 motusunius
668 4354 817 4416 ejusdemque
829 4371 880 4403 cor·
945 4356 977 4418 (¹)
996 4359 1009 4386 *
1027 4356 1162 4405 Esnaturb
1173 4360 1302 4419 hyperbolae.
1322 4357 1382 4422 (Per
1394 4357 1537 4407 'ibeon1V.

255 4416 317 4476 poris
328 4416 396 4463 variis
406 4418 528 4464 celeritatis
539 4418 648 4479 gradibus
658 4418 703 4465 acti
720 4421 759 4482 (ut
769 4420 794 4464 in
807 4420 879 4478 Prop.
914 4418 943 4466 de
956 4419 1076 4481 Hyperb.)

255 4479 301 4539 V.)
320 4479 422 4543 ideoque
442 4483 494 4543 (per
511 4482 588 4529 Corol.
612 4488 631 4528 t.
647 4483 718 4541 Prop.
734 4482 778 4543 V.)
797 4482 883 4529 reloci-
946 4483 981 4545 (¹³)
995 4487 1008 4513 ὓ
1021 4483 1085 4545 Ergb
1095 4500 1157 4531 oreoe
1166 4486 1189 4532 A
1199 4486 1242 4533 Bb
1250 4501 1274 4541 a,
1283 4487 1308 4531 D
1320 4486 1391 4540 lieri,
1401 4485 1467 4546 (378.
1478 4486 1532 4535 Lib.

254 4551 314 4589 netes
329 4544 431 4591 initIales
449 4544 535 4603 exponi
551 4554 649 4604 possunt
664 4561 705 4607 per
721 4545 795 4593 lineas
812 4547 836 4593 A
849 4547 880 4602 B,
914 4544 951 4606 1.)

256 4606 282 4654 D
294 4606 326 4666 Ε,
337 4616 442 4669 tempora
456 4604 497 4670 p'er
513 4608 585 4657 lineus
596 4610 655 4683 Aa,
673 4611 697 4657 D
709 4610 732 4665 d,
749 4610 881 4658 velocitates
946 4608 1005 4674 (Ψ
1016 4612 1476 4675 Quaesitumuaesitum
1488 4614 1538 4679 (2.)
