3434 5500
578 439 913 506 PHILOSOPHIAE
938 435 1206 503 NATURALIS
1231 429 1518 511 ν[ΜοτμΟοιιιό-ιι.

677 895 680 902 ’
734 898 917 972 SECTIO
943 897 1015 970 ΙΙΙ.
1083 926 1085 931 ·
1160 902 1165 917 “

236 1100 412 1171 Dauom
435 1120 616 1193 corporum
641 1098 761 1192 qutun
782 1099 953 1168 resistitur
964 1097 1094 1190 portien
1110 1097 1145 1166 iu
1162 1096 1294 1167 ratione
1315 1093 1508 1178 uelocitatis,

525 1216 659 1310 purtim
674 1217 710 1287 iu
725 1214 872 1310 ejusdem
887 1215 1020 1286 ratione
1037 1214 1218 1307 duplicant

476 1496 760 1563 PROPOSITIO
782 1496 844 1562 XI.
889 1497 1160 1562 THEOREMA
1182 1497 1276 1560 VIII.
1367 1589 1370 1603 ¹

233 1689 270 1754 Si
290 1690 410 1771 corpori
430 1689 581 1752 resistitur
596 1691 714 1771 partim
729 1691 762 1752 in
776 1691 896 1752 ratione
910 1691 1081 1765 uelocitatis,
1099 1691 1216 1770 partim
1232 1691 1265 1751 iu
1279 1689 1442 1752 uelocitatis
1460 1707 1512 1747 ro·
1538 1685 1542 1692 '

277 1799 360 1860 tione
374 1795 540 1878 duplicati,
564 1805 594 1858 et
609 1798 687 1858 idern
700 1794 764 1859 sotei
778 1797 809 1859 ui
824 1795 916 1859 instet
932 1798 965 1857 in
978 1798 1073 1858 medio
1086 1797 1216 1858 similari
1229 1805 1374 1858 mouetur.-
1396 1814 1513 1856 suman

277 1911 328 1964 tur
342 1912 440 1964 autem
454 1912 589 1982 tempora
605 1903 638 1963 in
654 1903 863 1984 progressione
884 1901 1093 1973 arithmetieti;
1118 1902 1298 1984 quantitates
1313 1900 1513 1962 velocitatibus
1536 1877 1539 1890 ’

275 2008 425 2092 reciproci
432 2011 685 2092 proportionales,
702 2007 776 2072 dotti
791 2006 920 2092 quidum
931 2011 1099 2091 quontitate
1110 2018 1214 2085 auctae,
1232 2018 1318 2070 nunt
1330 2011 1364 2070 in
1371 2029 1512 2091 progres-

276 2120 359 2180 sione
369 2115 557 2199 geometrici.

279 2306 397 2369 centro
412 2305 450 2382 C,
467 2305 646 2390 asymptotis
661 2261 846 2392 rectangulis
863 2306 930 2371 CA
947 2307 980 2370 D
995 2305 1017 2370 d
1032 2320 1063 2376 et
1079 2308 1106 2373 C
1123 2307 1168 2383 H,
1192 2306 1383 2370 describatur
1397 2306 1511 2392 hyper·
1559 2261 1563 2270 ι

233 2412 306 2476 bola
321 2413 350 2475 B
365 2413 394 2476 E
409 2435 436 2488 e,
453 2424 485 2476 et
498 2423 674 2497 asymptoto
690 2412 718 2477 C
734 2413 771 2475 H
785 2413 942 2496 parallelae
953 2414 1014 2478 siut
1028 2415 1059 2477 A
1074 2413 1113 2493 B,
1131 2415 1164 2478 D
1181 2414 1219 2490 E,
1236 2413 1299 2476 de.
1337 2413 1376 2476 In
1389 2433 1511 2497 asymp-

233 2529 301 2580 toto
318 2517 346 2580 C
360 2517 394 2581 D
409 2517 522 2580 dentur
537 2529 653 2600 puncta
668 2517 709 2594 A,
728 2512 778 2581 G':
801 2517 872 2580 etsi

239 2636 361 2708 tempus
382 2636 556 2708 exponatur
570 2646 628 2706 per
642 2645 746 2686 aream
759 2623 873 2708 hyper-

233 2731 367 2795 bolicam
390 2735 422 2795 A
439 2731 467 2794 B
483 2730 512 2794 E
527 2730 561 2794 D
585 2729 777 2794 uniformiter
792 2752 872 2794 cres·

234 2849 371 2913 centem3
394 2839 465 2902 dieo
486 2838 569 2923 quod
592 2838 737 2901 velocitas
758 2838 873 2921 exponi

233 2958 335 3031 potest
348 2969 405 3030 per
426 2948 655 3034 longitudInem
675 2946 709 3009 D
726 2946 762 3024 F,
786 2948 873 3030 cujus

235 3055 395 3137 reciproca
412 3054 444 3118 G
460 3055 494 3118 D
518 3054 580 3117 uni
601 3076 673 3116 eum
695 3052 767 3115 dart
785 3053 822 3146 ¹C
839 3052 872 3116 G

142 3164 146 3172 '
234 3173 399 3245 componat
413 3161 639 3249 longitudinem
655 3161 682 3224 C
697 3160 731 3223 D
746 3161 779 3221 in
798 3181 872 3241 pro-

234 3268 393 3353 gressione
407 3267 594 3354 geometrici
610 3279 806 3331 crescentem.

279 3376 327 3440 Sit
351 3376 432 3439 enim
458 3375 562 3439 areola
585 3374 619 3438 D
640 3374 740 3439 Eed
764 3374 873 3437 datum
941 3392 964 3445 e
1092 3374 1120 3444 G
1159 3394 1194 3447 A

112 3554 116 3561 ,
233 3487 381 3569 temporis
406 3488 631 3550 incrementum
661 3483 753 3570 quim
777 3486 869 3546 mini-

233 3614 329 3668 mum,
360 3592 398 3676 (⁸)
425 3592 538 3655 eterit
562 3590 635 3655 Dd
655 3589 812 3674 reciproce
835 3601 870 3652 ut

234 3716 267 3779 D
283 3716 322 3793 E,
344 3698 479 3802 'ideoque
494 3715 609 3781 directe
624 3728 659 3779 ut
681 3716 708 3779 C
724 3717 767 3780 D.
812 3714 914 3798 Ipsius
930 3682 1134 3839 antemD'l'D
1159 3711 1397 3780 decrementum,
1425 3701 1509 3789 quod

704 3888 813 3951 ‘'Dd
1020 3885 1096 3948 CD
1218 3877 1448 3953 CG÷GD

234 3926 273 4011 (Β)
291 3930 359 4009 (per
372 3927 464 4011 hujus
480 3929 568 3991 Lem.
585 3928 643 4007 ΙΙ.)
660 3939 707 3990 est
723 3970 851 4073 ml,
875 3925 933 3988 erit
947 3936 982 3987 ut
994 3972 1120 4069 §.fi-q
1141 3944 1196 3985 seu
1218 3958 1457 4061 W,
1476 3911 1509 3974 id

674 4115 775 4200 Igitur
793 4125 933 4198 tempore
948 4114 979 4176 A
996 4112 1024 4174 B
1040 4110 1117 4174 ΕΙ)
1139 4131 1195 4193 per
1216 4106 1404 4171 additionem
1424 4103 1509 4165 data·

232 4127 288 4193 est,
299 4126 335 4178 ut
379 4085 393 4137 ¹

345 4078 628 4243 effluo-d·

598 4201 619 4263 q

266 4368 301 4433 (¹)
314 4372 326 4398 '
340 4370 373 4416 Et
383 4368 425 4414 erit
433 4368 483 4414 Dd
493 4365 602 4426 reciproci
612 4375 639 4413 nt
648 4369 674 4414 D
684 4369 715 4414 Ε.
743 4366 788 4412 Est
795 4365 859 4412 enirn
874 4368 875 4371 ’
890 4364 960 4425 proce
970 4373 996 4411 ut
1008 4364 1033 4410 D
1043 4363 1080 4419 E;
1092 4360 1132 4407 sed
1144 4363 1195 4423 (per
1204 4361 1288 4407 Theor.
1300 4358 1347 4405 tv.
1355 4358 1384 4405 de
1394 4356 1509 4418 Hyperb.)

237 4433 314 4479 areola
331 4444 467 4478 evanescens
485 4430 510 4475 D
522 4429 545 4475 E
556 4444 570 4475 e
580 4429 597 4475 d
609 4430 707 4491 aqualis
725 4429 861 4489 rectangulo
892 4428 973 4475 datum
987 4440 1023 4487 est
1039 4425 1201 4486 rectiangulum
1219 4425 1238 4471 C
1252 4424 1276 4469 D
1290 4428 1315 4479 χ
1330 4423 1355 4469 D
1368 4422 1398 4477 E,
1415 4419 1511 4479 proinde

238 4496 263 4542 D
276 4496 299 4542 E
312 4501 337 4552 Χ
353 4496 377 4542 D
388 4493 411 4548 d,
428 4492 499 4553 quod,
517 4495 546 4538 ob
561 4491 643 4538 datum
657 4493 767 4551 temporis
784 4493 859 4538 incre-
894 4493 914 4538 C
928 4492 960 4546 D,
978 4501 1012 4537 est
1027 4487 1141 4555 reciproci
1152 4498 1178 4534 ut
1191 4488 1216 4534 D
1228 4486 1251 4533 E
1258 4504 1266 4544 ;
1278 4484 1349 4547 quari
1359 4484 1402 4531 erit
1414 4485 1438 4530 D
1450 4483 1466 4529 d
1476 4482 1511 4529 di-

236 4567 350 4615 mensum,
361 4558 405 4605 erit
414 4567 441 4602 ut
451 4556 567 4618 quantitas
578 4556 639 4612 data,
650 4566 673 4601 et
683 4554 737 4602 ided
749 4557 774 4603 D
785 4554 809 4610 d,
825 4566 860 4601 est
891 4554 952 4602 recte
962 4564 989 4601 ut
1005 4554 1025 4600 C
1038 4554 1070 4599 D.
1476 4592 1480 4599 .

235 4631 263 4668 ut
273 4621 389 4684 quantitas
402 4621 456 4668 data
465 4619 537 4667 divisa
552 4634 593 4679 per
610 4619 680 4675 DE,
699 4618 725 4667 id
740 4628 781 4675 est,
801 4618 859 4665 reci-
924 4617 957 4682 (¹²)
970 4622 1043 4683 {Per
1052 4616 1122 4678 hujus
1134 4616 1232 4663 Lemma
1243 4616 1278 4663 ΙΙ.
1301 4613 1352 4659 cis
1366 4616 1388 4657 4.
