<?xml version="1.0" encoding="UTF-8"?>
<!DOCTYPE html PUBLIC "-//W3C//DTD XHTML 1.0 Transitional//EN"
    "http://www.w3.org/TR/xhtml1/DTD/xhtml1-transitional.dtd">
<html xmlns="http://www.w3.org/1999/xhtml" xml:lang="en" lang="en">
 <head>
  <title>
</title>
<meta http-equiv="Content-Type" content="text/html;charset=utf-8" />
  <meta name='ocr-system' content='tesseract 3.04.00' />
  <meta name='ocr-capabilities' content='ocr_page ocr_carea ocr_par ocr_line ocrx_word'/>
</head>
<body>
  <div class='ocr_page' id='page_1' title='image "./philosophinatur02wriggoog_0231.png"; bbox 0 0 3434 5500; ppageno 0'>
   <div class='ocr_carea' id='block_1_1' title="bbox 166 413 1452 494">
    <p class='ocr_par' dir='ltr' id='par_1_1' title="bbox 166 413 1452 494">
     <span class='ocr_line' id='line_1_1' title="bbox 166 413 1452 494; baseline 0.002 -12"><span class='ocrx_word' id='word_1_1' title='bbox 166 416 274 482; x_wconf 83' lang='lat' dir='ltr'><strong>Lraaa</strong></span> <span class='ocrx_word' id='word_1_2' title='bbox 291 416 457 494; x_wconf 79' lang='lat' dir='ltr'><strong>Saeuum]</strong></span> <span class='ocrx_word' id='word_1_3' title='bbox 505 413 748 482; x_wconf 83' lang='lat' dir='ltr'>PRINCIPIA</span> <span class='ocrx_word' id='word_1_4' title='bbox 772 414 1148 485; x_wconf 74' lang='lat' dir='ltr'><strong>MATHuMauch.</strong></span> <span class='ocrx_word' id='word_1_5' title='bbox 1388 421 1452 485; x_wconf 77' lang='lat' dir='ltr'><strong>alt</strong></span> 
     </span>
    </p>
   </div>
   <div class='ocr_carea' id='block_1_2' title="bbox 164 583 1454 780">
    <p class='ocr_par' dir='ltr' id='par_1_2' title="bbox 164 583 1454 780">
     <span class='ocr_line' id='line_1_2' title="bbox 164 583 1454 673; baseline 0 -23"><span class='ocrx_word' id='word_1_6' title='bbox 164 603 254 650; x_wconf 88' lang='lat' dir='ltr'><strong>suum</strong></span> <span class='ocrx_word' id='word_1_7' title='bbox 267 596 423 670; x_wconf 87' lang='lat' dir='ltr'><strong>perpetuo</strong></span> <span class='ocrx_word' id='word_1_8' title='bbox 437 596 548 662; x_wconf 87' lang='lat' dir='ltr'><strong>servet,</strong></span> <span class='ocrx_word' id='word_1_9' title='bbox 571 586 607 670; x_wconf 71' lang='lat'><strong>(¹)</strong></span> <span class='ocrx_word' id='word_1_10' title='bbox 623 598 655 648; x_wconf 91' lang='lat' dir='ltr'><strong>et</strong></span> <span class='ocrx_word' id='word_1_11' title='bbox 668 584 781 671; x_wconf 73' lang='lat' dir='ltr'><strong>glaciet</strong></span> <span class='ocrx_word' id='word_1_12' title='bbox 796 585 932 672; x_wconf 82' lang='lat' dir='ltr'><strong>quietem</strong></span> <span class='ocrx_word' id='word_1_13' title='bbox 944 607 1045 649; x_wconf 85' lang='lat' dir='ltr'><strong>auam.</strong></span> <span class='ocrx_word' id='word_1_14' title='bbox 1089 584 1130 651; x_wconf 91' lang='lat' dir='ltr'><strong>In</strong></span> <span class='ocrx_word' id='word_1_15' title='bbox 1144 583 1344 671; x_wconf 76' lang='lat' dir='ltr'><strong>sequentibus</strong></span> <span class='ocrx_word' id='word_1_16' title='bbox 1356 584 1454 673; x_wconf 77' lang='lat' dir='ltr'><strong>igitur</strong></span> 
     </span>
     <span class='ocr_line' id='line_1_3' title="bbox 165 691 1454 780; baseline 0.001 -22"><span class='ocrx_word' id='word_1_17' title='bbox 165 694 203 758; x_wconf 77' lang='lat' dir='ltr'><strong>u&#39;t</strong></span> <span class='ocrx_word' id='word_1_18' title='bbox 224 693 297 759; x_wconf 88' lang='lat' dir='ltr'><strong>ST</strong></span> <span class='ocrx_word' id='word_1_19' title='bbox 311 693 462 757; x_wconf 86' lang='lat' dir='ltr'><strong>diameter</strong></span> <span class='ocrx_word' id='word_1_20' title='bbox 482 691 641 757; x_wconf 76' lang='lat' dir='ltr'><strong>foraminis</strong></span> <span class='ocrx_word' id='word_1_21' title='bbox 663 694 821 758; x_wconf 86' lang='lat' dir='ltr'><strong>circularis</strong></span> <span class='ocrx_word' id='word_1_22' title='bbox 843 707 952 758; x_wconf 89' lang='lat' dir='ltr'><strong>centro</strong></span> <span class='ocrx_word' id='word_1_23' title='bbox 967 695 994 759; x_wconf 88' lang='lat' dir='ltr'>Z</span> <span class='ocrx_word' id='word_1_24' title='bbox 1008 693 1157 778; x_wconf 91' lang='lat' dir='ltr'><strong>descripti</strong></span> <span class='ocrx_word' id='word_1_25' title='bbox 1180 715 1239 778; x_wconf 85' lang='lat' dir='ltr'><strong>per</strong></span> <span class='ocrx_word' id='word_1_26' title='bbox 1259 694 1349 780; x_wconf 89' lang='lat' dir='ltr'><strong>quod</strong></span> <span class='ocrx_word' id='word_1_27' title='bbox 1368 705 1454 760; x_wconf 84' lang='lat' dir='ltr'><strong>cata·</strong></span> 
     </span>
    </p>
   </div>
   <div class='ocr_carea' id='block_1_3' title="bbox 31 773 1454 888">
    <p class='ocr_par' dir='ltr' id='par_1_3' title="bbox 31 773 1454 888">
     <span class='ocr_line' id='line_1_4' title="bbox 31 773 1454 888; baseline 0.001 -23"><span class='ocrx_word' id='word_1_28' title='bbox 31 773 33 785; x_wconf 38' lang='lat'>¹</span> <span class='ocrx_word' id='word_1_29' title='bbox 119 835 124 844; x_wconf 93' lang='lat'><strong>·</strong></span> <span class='ocrx_word' id='word_1_30' title='bbox 164 815 250 866; x_wconf 88' lang='lat' dir='ltr'><strong>racta</strong></span> <span class='ocrx_word' id='word_1_31' title='bbox 264 800 361 866; x_wconf 89' lang='lat' dir='ltr'><strong>effluit</strong></span> <span class='ocrx_word' id='word_1_32' title='bbox 375 823 416 866; x_wconf 86' lang='lat' dir='ltr'><strong>ex</strong></span> <span class='ocrx_word' id='word_1_33' title='bbox 429 823 502 866; x_wconf 86' lang='lat' dir='ltr'><strong>vase</strong></span> <span class='ocrx_word' id='word_1_34' title='bbox 516 801 571 865; x_wconf 92' lang='lat' dir='ltr'><strong>ubi</strong></span> <span class='ocrx_word' id='word_1_35' title='bbox 586 825 667 888; x_wconf 87' lang='lat' dir='ltr'><strong>aqua</strong></span> <span class='ocrx_word' id='word_1_36' title='bbox 681 813 746 867; x_wconf 85' lang='lat' dir='ltr'><strong>tota</strong></span> <span class='ocrx_word' id='word_1_37' title='bbox 760 803 794 866; x_wconf 91' lang='lat' dir='ltr'><strong>in</strong></span> <span class='ocrx_word' id='word_1_38' title='bbox 809 825 882 867; x_wconf 85' lang='lat' dir='ltr'><strong>vase</strong></span> <span class='ocrx_word' id='word_1_39' title='bbox 895 802 993 866; x_wconf 91' lang='lat' dir='ltr'><strong>fluida</strong></span> <span class='ocrx_word' id='word_1_40' title='bbox 1005 813 1062 867; x_wconf 82' lang='lat' dir='ltr'><strong>est.</strong></span> <span class='ocrx_word' id='word_1_41' title='bbox 1102 802 1147 866; x_wconf 86' lang='lat' dir='ltr'><strong>Et</strong></span> <span class='ocrx_word' id='word_1_42' title='bbox 1159 801 1200 866; x_wconf 91' lang='lat' dir='ltr'><strong>sit</strong></span> <span class='ocrx_word' id='word_1_43' title='bbox 1214 801 1245 866; x_wconf 86' lang='grc' dir='ltr'>Ε</span> <span class='ocrx_word' id='word_1_44' title='bbox 1261 801 1289 866; x_wconf 88' lang='lat' dir='ltr'><strong>F</strong></span> <span class='ocrx_word' id='word_1_45' title='bbox 1302 801 1454 868; x_wconf 71' lang='lat' dir='ltr'><strong>daneta</strong></span> 
     </span>
    </p>
   </div>
   <div class='ocr_carea' id='block_1_4' title="bbox 142 908 1455 1316">
    <p class='ocr_par' dir='ltr' id='par_1_4' title="bbox 142 908 1455 1316">
     <span class='ocr_line' id='line_1_5' title="bbox 142 908 1455 997; baseline 0.002 -27"><span class='ocrx_word' id='word_1_46' title='bbox 142 908 322 972; x_wconf 73' lang='lat' dir='ltr'><strong>foraminis</strong></span> <span class='ocrx_word' id='word_1_47' title='bbox 335 930 394 993; x_wconf 88' lang='lat' dir='ltr'><strong>per</strong></span> <span class='ocrx_word' id='word_1_48' title='bbox 409 908 493 994; x_wconf 91' lang='lat' dir='ltr'><strong>quod</strong></span> <span class='ocrx_word' id='word_1_49' title='bbox 507 921 661 974; x_wconf 80' lang='lat' dir='ltr'><strong>cataracta</strong></span> <span class='ocrx_word' id='word_1_50' title='bbox 682 911 823 975; x_wconf 85' lang='lat' dir='ltr'><strong>cadendo</strong></span> <span class='ocrx_word' id='word_1_51' title='bbox 843 910 1006 997; x_wconf 72' lang='lat' dir='ltr'><strong>adaeqmta</strong></span> <span class='ocrx_word' id='word_1_52' title='bbox 1028 911 1147 988; x_wconf 85' lang='lat' dir='ltr'><strong>transit,</strong></span> <span class='ocrx_word' id='word_1_53' title='bbox 1174 910 1239 974; x_wconf 84' lang='lat' dir='ltr'><strong>sive</strong></span> <span class='ocrx_word' id='word_1_54' title='bbox 1259 933 1342 996; x_wconf 89' lang='lat' dir='ltr'><strong>aqua</strong></span> <span class='ocrx_word' id='word_1_55' title='bbox 1362 920 1455 974; x_wconf 83' lang='lat' dir='ltr'><strong>exeat</strong></span> 
     </span>
     <span class='ocr_line' id='line_1_6' title="bbox 163 1016 1453 1104; baseline 0.004 -24"><span class='ocrx_word' id='word_1_56' title='bbox 163 1037 204 1080; x_wconf 86' lang='lat' dir='ltr'><strong>ex</strong></span> <span class='ocrx_word' id='word_1_57' title='bbox 220 1039 291 1085; x_wconf 86' lang='lat' dir='ltr'><strong>vase</strong></span> <span class='ocrx_word' id='word_1_58' title='bbox 304 1039 364 1103; x_wconf 88' lang='lat' dir='ltr'><strong>per</strong></span> <span class='ocrx_word' id='word_1_59' title='bbox 377 1017 516 1081; x_wconf 91' lang='lat' dir='ltr'><strong>foramen</strong></span> <span class='ocrx_word' id='word_1_60' title='bbox 530 1018 609 1082; x_wconf 92' lang='lat' dir='ltr'><strong>illud</strong></span> <span class='ocrx_word' id='word_1_61' title='bbox 624 1020 766 1102; x_wconf 82' lang='lat' dir='ltr'><strong>superius</strong></span> <span class='ocrx_word' id='word_1_62' title='bbox 782 1019 806 1085; x_wconf 85' lang='lat' dir='ltr'>S</span> <span class='ocrx_word' id='word_1_63' title='bbox 822 1017 864 1096; x_wconf 90' lang='lat' dir='ltr'><strong>T,</strong></span> <span class='ocrx_word' id='word_1_64' title='bbox 880 1019 943 1081; x_wconf 87' lang='lat' dir='ltr'><strong>sive</strong></span> <span class='ocrx_word' id='word_1_65' title='bbox 958 1018 1050 1082; x_wconf 86' lang='lat' dir='ltr'><strong>cadat</strong></span> <span class='ocrx_word' id='word_1_66' title='bbox 1061 1040 1120 1103; x_wconf 82' lang='lat' dir='ltr'><strong>per</strong></span> <span class='ocrx_word' id='word_1_67' title='bbox 1134 1017 1274 1082; x_wconf 89' lang='lat' dir='ltr'><strong>medium</strong></span> <span class='ocrx_word' id='word_1_68' title='bbox 1285 1017 1398 1104; x_wconf 77' lang='lat' dir='ltr'><strong>glaciei</strong></span> <span class='ocrx_word' id='word_1_69' title='bbox 1418 1016 1453 1085; x_wconf 86' lang='lat' dir='ltr'><strong>iu</strong></span> 
     </span>
     <span class='ocr_line' id='line_1_7' title="bbox 162 1123 1453 1211; baseline 0 -23"><span class='ocrx_word' id='word_1_70' title='bbox 162 1147 235 1188; x_wconf 85' lang='lat' dir='ltr'><strong>vase</strong></span> <span class='ocrx_word' id='word_1_71' title='bbox 254 1136 404 1211; x_wconf 80' lang='lat' dir='ltr'><strong>tanquam</strong></span> <span class='ocrx_word' id='word_1_72' title='bbox 426 1147 484 1210; x_wconf 91' lang='lat' dir='ltr'><strong>per</strong></span> <span class='ocrx_word' id='word_1_73' title='bbox 504 1125 744 1190; x_wconf 84' lang='lat' dir='ltr'><strong>infundibulum.</strong></span> <span class='ocrx_word' id='word_1_74' title='bbox 790 1126 833 1190; x_wconf 88' lang='lat' dir='ltr'><strong>Et</strong></span> <span class='ocrx_word' id='word_1_75' title='bbox 857 1125 898 1190; x_wconf 90' lang='lat' dir='ltr'><strong>sit</strong></span> <span class='ocrx_word' id='word_1_76' title='bbox 923 1125 1076 1188; x_wconf 86' lang='lat' dir='ltr'><strong>diameter</strong></span> <span class='ocrx_word' id='word_1_77' title='bbox 1095 1123 1256 1188; x_wconf 74' lang='lat' dir='ltr'><strong>foraminis</strong></span> <span class='ocrx_word' id='word_1_78' title='bbox 1282 1123 1453 1208; x_wconf 85' lang='lat' dir='ltr'><strong>superioria</strong></span> 
     </span>
     <span class='ocr_line' id='line_1_8' title="bbox 165 1230 1453 1316; baseline -0.002 -20"><span class='ocrx_word' id='word_1_79' title='bbox 165 1232 187 1296; x_wconf 89' lang='lat' dir='ltr'>S</span> <span class='ocrx_word' id='word_1_80' title='bbox 203 1231 236 1295; x_wconf 91' lang='lat' dir='ltr'>T</span> <span class='ocrx_word' id='word_1_81' title='bbox 250 1231 292 1295; x_wconf 89' lang='lat' dir='ltr'><strong>ad</strong></span> <span class='ocrx_word' id='word_1_82' title='bbox 306 1232 491 1296; x_wconf 87' lang='lat' dir='ltr'><strong>diametrum</strong></span> <span class='ocrx_word' id='word_1_83' title='bbox 516 1232 670 1297; x_wconf 86' lang='lat' dir='ltr'><strong>inferioris</strong></span> <span class='ocrx_word' id='word_1_84' title='bbox 686 1233 716 1298; x_wconf 89' lang='lat' dir='ltr'><strong>E</strong></span> <span class='ocrx_word' id='word_1_85' title='bbox 732 1233 760 1298; x_wconf 79' lang='lat' dir='ltr'><strong>F</strong></span> <span class='ocrx_word' id='word_1_86' title='bbox 773 1244 810 1297; x_wconf 88' lang='lat' dir='ltr'><strong>ut</strong></span> <span class='ocrx_word' id='word_1_87' title='bbox 825 1241 867 1299; x_wconf 71' lang='lat'><strong>25</strong></span> <span class='ocrx_word' id='word_1_88' title='bbox 882 1233 924 1296; x_wconf 92' lang='lat' dir='ltr'><strong>ad</strong></span> <span class='ocrx_word' id='word_1_89' title='bbox 938 1239 976 1296; x_wconf 69' lang='lat'><strong>21</strong></span> <span class='ocrx_word' id='word_1_90' title='bbox 996 1231 1129 1309; x_wconf 80' lang='lat' dir='ltr'><strong>circiter,</strong></span> <span class='ocrx_word' id='word_1_91' title='bbox 1143 1243 1187 1296; x_wconf 53' lang='lat' dir='ltr'><strong>‘et</strong></span> <span class='ocrx_word' id='word_1_92' title='bbox 1208 1230 1355 1297; x_wconf 84' lang='lat' dir='ltr'><strong>distantia</strong></span> <span class='ocrx_word' id='word_1_93' title='bbox 1379 1253 1453 1316; x_wconf 90' lang='lat' dir='ltr'><strong>per·</strong></span> 
     </span>
    </p>
   </div>
   <div class='ocr_carea' id='block_1_5' title="bbox 58 1336 1453 1428">
    <p class='ocr_par' dir='ltr' id='par_1_5' title="bbox 58 1336 1453 1428">
     <span class='ocr_line' id='line_1_9' title="bbox 58 1336 1453 1428; baseline 0.002 -29"><span class='ocrx_word' id='word_1_94' title='bbox 58 1395 60 1399; x_wconf 81' lang='grc'>,</span> <span class='ocrx_word' id='word_1_95' title='bbox 161 1339 371 1424; x_wconf 87' lang='lat' dir='ltr'><strong>pendicularis</strong></span> <span class='ocrx_word' id='word_1_96' title='bbox 385 1342 468 1406; x_wconf 87' lang='lat' dir='ltr'><strong>inter</strong></span> <span class='ocrx_word' id='word_1_97' title='bbox 479 1343 574 1427; x_wconf 88' lang='lat' dir='ltr'><strong>plana</strong></span> <span class='ocrx_word' id='word_1_98' title='bbox 585 1342 773 1422; x_wconf 79' lang='lat' dir='ltr'><strong>foraminum</strong></span> <span class='ocrx_word' id='word_1_99' title='bbox 786 1342 915 1428; x_wconf 74' lang='lat' dir='ltr'><strong>aequalia</strong></span> <span class='ocrx_word' id='word_1_100' title='bbox 931 1341 971 1405; x_wconf 86' lang='lat' dir='ltr'><strong>ait</strong></span> <span class='ocrx_word' id='word_1_101' title='bbox 986 1341 1138 1405; x_wconf 80' lang='lat' dir='ltr'><strong>diametro</strong></span> <span class='ocrx_word' id='word_1_102' title='bbox 1150 1338 1312 1413; x_wconf 73' lang='lat' dir='ltr'><strong>foraminis</strong></span> <span class='ocrx_word' id='word_1_103' title='bbox 1322 1336 1453 1402; x_wconf 90' lang='lat' dir='ltr'><strong>minoris</strong></span> 
     </span>
    </p>
   </div>
   <div class='ocr_carea' id='block_1_6' title="bbox 159 1445 1536 2831">
    <p class='ocr_par' dir='ltr' id='par_1_6' title="bbox 161 1445 1536 1964">
     <span class='ocr_line' id='line_1_10' title="bbox 164 1445 1454 1536; baseline -0.003 -25"><span class='ocrx_word' id='word_1_104' title='bbox 164 1447 246 1512; x_wconf 87' lang='lat' dir='ltr'><strong>EF.</strong></span> <span class='ocrx_word' id='word_1_105' title='bbox 292 1449 337 1513; x_wconf 89' lang='lat' dir='ltr'><strong>Et</strong></span> <span class='ocrx_word' id='word_1_106' title='bbox 359 1448 504 1514; x_wconf 86' lang='lat' dir='ltr'><strong>velocitas</strong></span> <span class='ocrx_word' id='word_1_107' title='bbox 526 1471 617 1536; x_wconf 77' lang='lat' dir='ltr'><strong>aquae</strong></span> <span class='ocrx_word' id='word_1_108' title='bbox 638 1473 656 1515; x_wconf 91' lang='lat' dir='ltr'><strong>e</strong></span> <span class='ocrx_word' id='word_1_109' title='bbox 676 1473 749 1514; x_wconf 87' lang='lat' dir='ltr'><strong>vase</strong></span> <span class='ocrx_word' id='word_1_110' title='bbox 769 1471 828 1535; x_wconf 92' lang='lat' dir='ltr'><strong>per</strong></span> <span class='ocrx_word' id='word_1_111' title='bbox 848 1449 991 1514; x_wconf 87' lang='lat' dir='ltr'><strong>foramen</strong></span> <span class='ocrx_word' id='word_1_112' title='bbox 1017 1448 1088 1514; x_wconf 84' lang='lat' dir='ltr'><strong>sT</strong></span> <span class='ocrx_word' id='word_1_113' title='bbox 1111 1447 1253 1513; x_wconf 84' lang='lat' dir='ltr'><strong>exeuntis</strong></span> <span class='ocrx_word' id='word_1_114' title='bbox 1279 1467 1316 1510; x_wconf 92' lang='lat' dir='ltr'><strong>ea</strong></span> <span class='ocrx_word' id='word_1_115' title='bbox 1340 1445 1399 1508; x_wconf 87' lang='lat' dir='ltr'><strong>erit</strong></span> <span class='ocrx_word' id='word_1_116' title='bbox 1418 1445 1454 1508; x_wconf 90' lang='lat' dir='ltr'><strong>in</strong></span> 
     </span>
     <span class='ocr_line' id='line_1_11' title="bbox 161 1551 1536 1650; baseline 0.001 -33"><span class='ocrx_word' id='word_1_117' title='bbox 161 1555 231 1640; x_wconf 88' lang='lat' dir='ltr'><strong>ipso</strong></span> <span class='ocrx_word' id='word_1_118' title='bbox 252 1553 404 1624; x_wconf 84' lang='lat' dir='ltr'><strong>foramine</strong></span> <span class='ocrx_word' id='word_1_119' title='bbox 423 1556 569 1622; x_wconf 88' lang='lat' dir='ltr'><strong>deorsum</strong></span> <span class='ocrx_word' id='word_1_120' title='bbox 592 1577 686 1640; x_wconf 88' lang='lat' dir='ltr'><strong>quam</strong></span> <span class='ocrx_word' id='word_1_121' title='bbox 711 1577 824 1643; x_wconf 90' lang='lat' dir='ltr'><strong>corpus</strong></span> <span class='ocrx_word' id='word_1_122' title='bbox 846 1555 988 1622; x_wconf 86' lang='lat' dir='ltr'><strong>cadendo</strong></span> <span class='ocrx_word' id='word_1_123' title='bbox 1007 1579 1026 1620; x_wconf 90' lang='lat' dir='ltr'><strong>a</strong></span> <span class='ocrx_word' id='word_1_124' title='bbox 1043 1555 1174 1620; x_wconf 92' lang='lat' dir='ltr'><strong>dimidio</strong></span> <span class='ocrx_word' id='word_1_125' title='bbox 1199 1551 1453 1642; x_wconf 88' lang='lat' dir='ltr'><strong>altitudinile</strong></span> <span class='ocrx_word' id='word_1_126' title='bbox 1532 1645 1536 1650; x_wconf 90' lang='lat'><strong>.</strong></span> 
     </span>
     <span class='ocr_line' id='line_1_12' title="bbox 163 1663 1453 1751; baseline -0.002 -23"><span class='ocrx_word' id='word_1_127' title='bbox 163 1664 323 1749; x_wconf 84' lang='lat' dir='ltr'><strong>acquirere</strong></span> <span class='ocrx_word' id='word_1_128' title='bbox 346 1675 466 1748; x_wconf 87' lang='lat' dir='ltr'><strong>potest:</strong></span> <span class='ocrx_word' id='word_1_129' title='bbox 495 1664 642 1730; x_wconf 87' lang='lat' dir='ltr'><strong>velocitas</strong></span> <span class='ocrx_word' id='word_1_130' title='bbox 666 1678 771 1731; x_wconf 89' lang='lat' dir='ltr'><strong>autem</strong></span> <span class='ocrx_word' id='word_1_131' title='bbox 796 1677 959 1731; x_wconf 74' lang='lat' dir='ltr'><strong>cataractae</strong></span> <span class='ocrx_word' id='word_1_132' title='bbox 984 1665 1146 1751; x_wconf 86' lang='lat' dir='ltr'><strong>utriusque</strong></span> <span class='ocrx_word' id='word_1_133' title='bbox 1169 1663 1309 1728; x_wconf 88' lang='lat' dir='ltr'><strong>cadentis</strong></span> <span class='ocrx_word' id='word_1_134' title='bbox 1334 1685 1372 1726; x_wconf 88' lang='lat' dir='ltr'><strong>ea</strong></span> <span class='ocrx_word' id='word_1_135' title='bbox 1393 1663 1453 1726; x_wconf 88' lang='lat' dir='ltr'><strong>erit</strong></span> 
     </span>
     <span class='ocr_line' id='line_1_13' title="bbox 162 1770 1452 1859; baseline -0.001 -26"><span class='ocrx_word' id='word_1_136' title='bbox 162 1770 195 1834; x_wconf 92' lang='lat' dir='ltr'><strong>in</strong></span> <span class='ocrx_word' id='word_1_137' title='bbox 216 1771 369 1836; x_wconf 87' lang='lat' dir='ltr'><strong>foramine</strong></span> <span class='ocrx_word' id='word_1_138' title='bbox 392 1771 474 1849; x_wconf 87' lang='lat' dir='ltr'><strong>EF,</strong></span> <span class='ocrx_word' id='word_1_139' title='bbox 501 1793 595 1859; x_wconf 87' lang='lat' dir='ltr'><strong>quam</strong></span> <span class='ocrx_word' id='word_1_140' title='bbox 619 1793 732 1858; x_wconf 80' lang='lat' dir='ltr'><strong>corpus</strong></span> <span class='ocrx_word' id='word_1_141' title='bbox 754 1773 897 1839; x_wconf 87' lang='lat' dir='ltr'><strong>cadendo</strong></span> <span class='ocrx_word' id='word_1_142' title='bbox 918 1774 959 1838; x_wconf 89' lang='lat' dir='ltr'><strong>ab</strong></span> <span class='ocrx_word' id='word_1_143' title='bbox 983 1771 1146 1838; x_wconf 69' lang='lat' dir='ltr'><strong>altitudine</strong></span> <span class='ocrx_word' id='word_1_144' title='bbox 1167 1770 1233 1836; x_wconf 70' lang='lat' dir='ltr'><strong>tota</strong></span> <span class='ocrx_word' id='word_1_145' title='bbox 1259 1770 1326 1835; x_wconf 88' lang='lat' dir='ltr'><strong>IG</strong></span> <span class='ocrx_word' id='word_1_146' title='bbox 1350 1770 1384 1854; x_wconf 80' lang='lat'><strong>(⁸)</strong></span> <span class='ocrx_word' id='word_1_147' title='bbox 1400 1791 1452 1834; x_wconf 84' lang='lat' dir='ltr'><strong>ac·</strong></span> 
     </span>
     <span class='ocr_line' id='line_1_14' title="bbox 162 1877 273 1964; baseline 0.018 -24"><span class='ocrx_word' id='word_1_148' title='bbox 162 1877 273 1964; x_wconf 77' lang='lat' dir='ltr'><strong>quiret</strong></span> 
     </span>
    </p>

    <p class='ocr_par' dir='ltr' id='par_1_7' title="bbox 159 1959 1525 2611">
     <span class='ocr_line' id='line_1_15' title="bbox 206 1959 1452 2064; baseline -0.002 -14"><span class='ocrx_word' id='word_1_149' title='bbox 206 1988 275 2052; x_wconf 81' lang='lat' dir='ltr'><strong>Car.</strong></span> <span class='ocrx_word' id='word_1_150' title='bbox 292 1993 323 2049; x_wconf 70' lang='lat'><strong>2.</strong></span> <span class='ocrx_word' id='word_1_151' title='bbox 369 1986 404 2051; x_wconf 92' lang='lat' dir='ltr'><strong>Si</strong></span> <span class='ocrx_word' id='word_1_152' title='bbox 429 1959 570 2052; x_wconf 78' lang='lat' dir='ltr'><strong>foramen</strong></span> <span class='ocrx_word' id='word_1_153' title='bbox 591 1985 666 2052; x_wconf 87' lang='lat' dir='ltr'><strong>EF</strong></span> <span class='ocrx_word' id='word_1_154' title='bbox 686 2007 751 2052; x_wconf 90' lang='lat' dir='ltr'><strong>non</strong></span> <span class='ocrx_word' id='word_1_155' title='bbox 772 1987 812 2053; x_wconf 83' lang='lat' dir='ltr'><strong>sit</strong></span> <span class='ocrx_word' id='word_1_156' title='bbox 832 1987 867 2052; x_wconf 93' lang='lat' dir='ltr'><strong>in</strong></span> <span class='ocrx_word' id='word_1_157' title='bbox 886 1987 994 2054; x_wconf 88' lang='lat' dir='ltr'><strong>medio</strong></span> <span class='ocrx_word' id='word_1_158' title='bbox 1016 1987 1106 2054; x_wconf 89' lang='lat' dir='ltr'><strong>fundi</strong></span> <span class='ocrx_word' id='word_1_159' title='bbox 1124 1987 1217 2064; x_wconf 82' lang='lat' dir='ltr'><strong>vasis,</strong></span> <span class='ocrx_word' id='word_1_160' title='bbox 1243 1986 1300 2050; x_wconf 87' lang='lat' dir='ltr'><strong>sed</strong></span> <span class='ocrx_word' id='word_1_161' title='bbox 1318 1985 1452 2048; x_wconf 88' lang='lat' dir='ltr'><strong>firndum</strong></span> 
     </span>
     <span class='ocr_line' id='line_1_16' title="bbox 161 2092 1453 2184; baseline 0 -26"><span class='ocrx_word' id='word_1_162' title='bbox 161 2094 234 2158; x_wconf 88' lang='lat' dir='ltr'><strong>alibi</strong></span> <span class='ocrx_word' id='word_1_163' title='bbox 258 2094 457 2180; x_wconf 84' lang='lat' dir='ltr'><strong>perforetur:</strong></span> <span class='ocrx_word' id='word_1_164' title='bbox 484 2120 564 2184; x_wconf 90' lang='lat' dir='ltr'><strong>aqua</strong></span> <span class='ocrx_word' id='word_1_165' title='bbox 586 2097 691 2163; x_wconf 86' lang='lat' dir='ltr'><strong>effluet</strong></span> <span class='ocrx_word' id='word_1_166' title='bbox 712 2097 822 2164; x_wconf 79' lang='lat' dir='ltr'><strong>eidem</strong></span> <span class='ocrx_word' id='word_1_167' title='bbox 844 2120 916 2164; x_wconf 87' lang='lat' dir='ltr'><strong>cum</strong></span> <span class='ocrx_word' id='word_1_168' title='bbox 938 2098 1103 2164; x_wconf 86' lang='lat' dir='ltr'><strong>velocitate</strong></span> <span class='ocrx_word' id='word_1_169' title='bbox 1125 2122 1163 2164; x_wconf 93' lang='lat' dir='ltr'><strong>ac</strong></span> <span class='ocrx_word' id='word_1_170' title='bbox 1182 2097 1282 2184; x_wconf 77' lang='lat' dir='ltr'><strong>priua,</strong></span> <span class='ocrx_word' id='word_1_171' title='bbox 1308 2097 1335 2162; x_wconf 90' lang='lat' dir='ltr'><strong>si</strong></span> <span class='ocrx_word' id='word_1_172' title='bbox 1355 2092 1453 2158; x_wconf 81' lang='lat' dir='ltr'><strong>modd</strong></span> 
     </span>
     <span class='ocr_line' id='line_1_17' title="bbox 161 2204 1525 2296; baseline -0.001 -28"><span class='ocrx_word' id='word_1_173' title='bbox 161 2204 270 2268; x_wconf 86' lang='lat' dir='ltr'><strong>eadem</strong></span> <span class='ocrx_word' id='word_1_174' title='bbox 296 2204 336 2268; x_wconf 88' lang='lat' dir='ltr'><strong>sit</strong></span> <span class='ocrx_word' id='word_1_175' title='bbox 360 2205 521 2272; x_wconf 87' lang='lat' dir='ltr'><strong>foraminis</strong></span> <span class='ocrx_word' id='word_1_176' title='bbox 550 2207 743 2294; x_wconf 81' lang='lat' dir='ltr'><strong>magnitudo.</strong></span> <span class='ocrx_word' id='word_1_177' title='bbox 788 2208 873 2273; x_wconf 88' lang='lat' dir='ltr'><strong>Nam</strong></span> <span class='ocrx_word' id='word_1_178' title='bbox 896 2229 993 2296; x_wconf 80' lang='lat' dir='ltr'><strong>grave</strong></span> <span class='ocrx_word' id='word_1_179' title='bbox 1017 2208 1128 2293; x_wconf 88' lang='lat' dir='ltr'><strong>majori</strong></span> <span class='ocrx_word' id='word_1_180' title='bbox 1153 2206 1282 2293; x_wconf 89' lang='lat' dir='ltr'><strong>quidem</strong></span> <span class='ocrx_word' id='word_1_181' title='bbox 1310 2217 1452 2289; x_wconf 88' lang='lat' dir='ltr'><strong>tempore</strong></span> <span class='ocrx_word' id='word_1_182' title='bbox 1516 2247 1525 2260; x_wconf 45' lang='grc' dir='ltr'><strong>ι</strong></span> 
     </span>
     <span class='ocr_line' id='line_1_18' title="bbox 161 2310 1469 2402; baseline 0.004 -29"><span class='ocrx_word' id='word_1_183' title='bbox 161 2310 324 2375; x_wconf 89' lang='lat' dir='ltr'><strong>descendit</strong></span> <span class='ocrx_word' id='word_1_184' title='bbox 347 2312 388 2376; x_wconf 90' lang='lat' dir='ltr'><strong>ad</strong></span> <span class='ocrx_word' id='word_1_185' title='bbox 411 2313 543 2378; x_wconf 90' lang='lat' dir='ltr'><strong>eandem</strong></span> <span class='ocrx_word' id='word_1_186' title='bbox 564 2315 808 2399; x_wconf 84' lang='lat' dir='ltr'><strong>profunditatem</strong></span> <span class='ocrx_word' id='word_1_187' title='bbox 831 2316 868 2401; x_wconf 69' lang='lat'><strong>(²)</strong></span> <span class='ocrx_word' id='word_1_188' title='bbox 882 2339 940 2401; x_wconf 91' lang='lat' dir='ltr'><strong>per</strong></span> <span class='ocrx_word' id='word_1_189' title='bbox 963 2316 1079 2382; x_wconf 88' lang='lat' dir='ltr'><strong>lineam</strong></span> <span class='ocrx_word' id='word_1_190' title='bbox 1097 2317 1257 2402; x_wconf 83' lang='lat' dir='ltr'><strong>obliquam</strong></span> <span class='ocrx_word' id='word_1_191' title='bbox 1279 2314 1373 2401; x_wconf 74' lang='lat' dir='ltr'><strong>quim</strong></span> <span class='ocrx_word' id='word_1_192' title='bbox 1393 2321 1469 2399; x_wconf 81' lang='lat' dir='ltr'><strong>per‘</strong></span> 
     </span>
     <span class='ocr_line' id='line_1_19' title="bbox 159 2418 1453 2508; baseline 0.005 -27"><span class='ocrx_word' id='word_1_193' title='bbox 159 2418 275 2482; x_wconf 89' lang='lat' dir='ltr'><strong>lineam</strong></span> <span class='ocrx_word' id='word_1_194' title='bbox 289 2419 589 2503; x_wconf 86' lang='lat' dir='ltr'><strong>perpendicularem,</strong></span> <span class='ocrx_word' id='word_1_195' title='bbox 613 2423 668 2486; x_wconf 85' lang='lat' dir='ltr'><strong>sed</strong></span> <span class='ocrx_word' id='word_1_196' title='bbox 682 2422 902 2488; x_wconf 85' lang='lat' dir='ltr'><strong>descendendo</strong></span> <span class='ocrx_word' id='word_1_197' title='bbox 915 2423 1047 2488; x_wconf 89' lang='lat' dir='ltr'><strong>eandem</strong></span> <span class='ocrx_word' id='word_1_198' title='bbox 1060 2423 1257 2488; x_wconf 87' lang='lat' dir='ltr'><strong>velocitatem</strong></span> <span class='ocrx_word' id='word_1_199' title='bbox 1271 2421 1404 2508; x_wconf 71' lang='lat' dir='ltr'><strong>coquunt</strong></span> <span class='ocrx_word' id='word_1_200' title='bbox 1414 2421 1453 2487; x_wconf 85' lang='lat' dir='ltr'><strong>in</strong></span> 
     </span>
     <span class='ocr_line' id='line_1_20' title="bbox 160 2501 1239 2611; baseline 0.008 -23"><span class='ocrx_word' id='word_1_201' title='bbox 160 2538 293 2611; x_wconf 89' lang='lat' dir='ltr'><strong>utroque</strong></span> <span class='ocrx_word' id='word_1_202' title='bbox 308 2548 391 2604; x_wconf 88' lang='lat' dir='ltr'><strong>casu,</strong></span> <span class='ocrx_word' id='word_1_203' title='bbox 409 2527 449 2610; x_wconf 82' lang='lat'><em>(¹²)</em></span> <span class='ocrx_word' id='word_1_204' title='bbox 465 2537 501 2592; x_wconf 87' lang='lat' dir='ltr'><strong>ut</strong></span> <span class='ocrx_word' id='word_1_205' title='bbox 516 2528 665 2593; x_wconf 85' lang='lat' dir='ltr'><strong>Galilaeus</strong></span> <span class='ocrx_word' id='word_1_206' title='bbox 681 2529 913 2596; x_wconf 81' lang='lat' dir='ltr'><strong>demonstravit.</strong></span> <span class='ocrx_word' id='word_1_207' title='bbox 1221 2501 1239 2536; x_wconf 69' lang='lat'><em>⁰</em></span> 
     </span>
    </p>

    <p class='ocr_par' dir='ltr' id='par_1_8' title="bbox 160 2633 1451 2831">
     <span class='ocr_line' id='line_1_21' title="bbox 205 2633 1451 2722; baseline 0 -24"><span class='ocrx_word' id='word_1_208' title='bbox 205 2635 275 2698; x_wconf 84' lang='lat' dir='ltr'><strong>Cas.</strong></span> <span class='ocrx_word' id='word_1_209' title='bbox 300 2642 327 2698; x_wconf 81' lang='grc'><strong>3.</strong></span> <span class='ocrx_word' id='word_1_210' title='bbox 373 2633 495 2699; x_wconf 87' lang='lat' dir='ltr'><strong>Eadem</strong></span> <span class='ocrx_word' id='word_1_211' title='bbox 520 2647 567 2699; x_wconf 88' lang='lat' dir='ltr'><strong>est</strong></span> <span class='ocrx_word' id='word_1_212' title='bbox 591 2658 681 2722; x_wconf 77' lang='lat' dir='ltr'><strong>aquae</strong></span> <span class='ocrx_word' id='word_1_213' title='bbox 703 2636 850 2701; x_wconf 84' lang='lat' dir='ltr'><strong>velocitas</strong></span> <span class='ocrx_word' id='word_1_214' title='bbox 880 2634 1032 2700; x_wconf 88' lang='lat' dir='ltr'><strong>effluentis</strong></span> <span class='ocrx_word' id='word_1_215' title='bbox 1054 2657 1112 2721; x_wconf 86' lang='lat' dir='ltr'><strong>per</strong></span> <span class='ocrx_word' id='word_1_216' title='bbox 1133 2635 1275 2700; x_wconf 87' lang='lat' dir='ltr'><strong>foramen</strong></span> <span class='ocrx_word' id='word_1_217' title='bbox 1297 2635 1332 2700; x_wconf 89' lang='lat' dir='ltr'><strong>iu</strong></span> <span class='ocrx_word' id='word_1_218' title='bbox 1353 2634 1451 2699; x_wconf 83' lang='lat' dir='ltr'><strong>latere</strong></span> 
     </span>
     <span class='ocr_line' id='line_1_22' title="bbox 160 2741 1451 2831; baseline -0.001 -25"><span class='ocrx_word' id='word_1_219' title='bbox 160 2742 249 2807; x_wconf 84' lang='lat' dir='ltr'><strong>vasis.</strong></span> <span class='ocrx_word' id='word_1_220' title='bbox 295 2741 377 2808; x_wconf 87' lang='lat' dir='ltr'><strong>Nam</strong></span> <span class='ocrx_word' id='word_1_221' title='bbox 401 2743 428 2807; x_wconf 92' lang='lat' dir='ltr'><strong>si</strong></span> <span class='ocrx_word' id='word_1_222' title='bbox 449 2742 589 2810; x_wconf 88' lang='lat' dir='ltr'><strong>foramen</strong></span> <span class='ocrx_word' id='word_1_223' title='bbox 610 2766 742 2830; x_wconf 84' lang='lat' dir='ltr'><strong>parvum</strong></span> <span class='ocrx_word' id='word_1_224' title='bbox 763 2745 811 2825; x_wconf 81' lang='lat' dir='ltr'><strong>ait,</strong></span> <span class='ocrx_word' id='word_1_225' title='bbox 836 2745 878 2831; x_wconf 86' lang='lat'><strong>(¹)</strong></span> <span class='ocrx_word' id='word_1_226' title='bbox 892 2756 929 2811; x_wconf 89' lang='lat' dir='ltr'><strong>ut</strong></span> <span class='ocrx_word' id='word_1_227' title='bbox 948 2743 1147 2810; x_wconf 80' lang='lat' dir='ltr'><strong>intervallum</strong></span> <span class='ocrx_word' id='word_1_228' title='bbox 1168 2745 1251 2809; x_wconf 90' lang='lat' dir='ltr'><strong>inter</strong></span> <span class='ocrx_word' id='word_1_229' title='bbox 1269 2741 1451 2829; x_wconf 84' lang='lat' dir='ltr'><strong>superficies</strong></span> 
     </span>
    </p>
   </div>
   <div class='ocr_carea' id='block_1_7' title="bbox 160 2935 791 4075">
    <p class='ocr_par' dir='ltr' id='par_1_9' title="bbox 160 2935 791 4075">
     <span class='ocr_line' id='line_1_23' title="bbox 193 2935 791 3001; baseline -0.005 -13"><span class='ocrx_word' id='word_1_230' title='bbox 193 2935 227 3000; x_wconf 76' lang='lat'><strong>(¹)</strong></span> <span class='ocrx_word' id='word_1_231' title='bbox 240 2938 253 2967; x_wconf 77' lang='lat'>&#39;</span> <span class='ocrx_word' id='word_1_232' title='bbox 267 2938 303 2987; x_wconf 80' lang='lat' dir='ltr'><strong>Et</strong></span> <span class='ocrx_word' id='word_1_233' title='bbox 318 2938 403 2999; x_wconf 74' lang='lat' dir='ltr'><strong>glaries</strong></span> <span class='ocrx_word' id='word_1_234' title='bbox 421 2940 522 3001; x_wconf 77' lang='lat' dir='ltr'><strong>quietem</strong></span> <span class='ocrx_word' id='word_1_235' title='bbox 537 2954 612 2987; x_wconf 75' lang='lat' dir='ltr'><strong>mom.</strong></span> <span class='ocrx_word' id='word_1_236' title='bbox 648 2938 723 2986; x_wconf 84' lang='lat' dir='ltr'><strong>Suuto</strong></span> <span class='ocrx_word' id='word_1_237' title='bbox 736 2953 791 2986; x_wconf 81' lang='lat' dir='ltr'><strong>vara</strong></span> 
     </span>
     <span class='ocr_line' id='line_1_24' title="bbox 161 2999 790 3063; baseline 0.002 -14"><span class='ocrx_word' id='word_1_238' title='bbox 161 2999 320 3061; x_wconf 76' lang='lat' dir='ltr'><strong>duoaequalia</strong></span> <span class='ocrx_word' id='word_1_239' title='bbox 332 3003 355 3047; x_wconf 84' lang='grc' dir='ltr'><strong>Δ</strong></span> <span class='ocrx_word' id='word_1_240' title='bbox 368 3002 390 3048; x_wconf 92' lang='grc' dir='ltr'>Β</span> <span class='ocrx_word' id='word_1_241' title='bbox 404 3002 428 3049; x_wconf 93' lang='lat' dir='ltr'>D</span> <span class='ocrx_word' id='word_1_242' title='bbox 442 3001 577 3058; x_wconf 81' lang='lat' dir='ltr'><strong>C‚abdc‚</strong></span> <span class='ocrx_word' id='word_1_243' title='bbox 589 3002 614 3047; x_wconf 92' lang='lat' dir='ltr'><strong>in</strong></span> <span class='ocrx_word' id='word_1_244' title='bbox 626 3016 726 3063; x_wconf 89' lang='lat' dir='ltr'><strong>quorum</strong></span> <span class='ocrx_word' id='word_1_245' title='bbox 741 3002 790 3063; x_wconf 88' lang='lat' dir='ltr'><strong>pri·</strong></span> 
     </span>
     <span class='ocr_line' id='line_1_25' title="bbox 161 3064 790 3128; baseline 0.006 -19"><span class='ocrx_word' id='word_1_246' title='bbox 161 3078 202 3109; x_wconf 90' lang='lat' dir='ltr'><strong>mo</strong></span> <span class='ocrx_word' id='word_1_247' title='bbox 219 3064 305 3126; x_wconf 79' lang='lat' dir='ltr'><strong>glacies</strong></span> <span class='ocrx_word' id='word_1_248' title='bbox 322 3066 399 3113; x_wconf 83' lang='lat' dir='ltr'><strong>omnis</strong></span> <span class='ocrx_word' id='word_1_249' title='bbox 414 3065 440 3113; x_wconf 91' lang='lat' dir='ltr'><strong>in</strong></span> <span class='ocrx_word' id='word_1_250' title='bbox 457 3080 542 3128; x_wconf 77' lang='lat' dir='ltr'><strong>aqum</strong></span> <span class='ocrx_word' id='word_1_251' title='bbox 560 3066 661 3113; x_wconf 79' lang='lat' dir='ltr'><strong>resoluta</strong></span> <span class='ocrx_word' id='word_1_252' title='bbox 671 3067 708 3123; x_wconf 83' lang='lat' dir='ltr'><strong>sit,</strong></span> <span class='ocrx_word' id='word_1_253' title='bbox 725 3075 749 3114; x_wconf 83' lang='lat' dir='ltr'><strong>et</strong></span> <span class='ocrx_word' id='word_1_254' title='bbox 763 3067 790 3113; x_wconf 91' lang='lat' dir='ltr'><strong>iu</strong></span> 
     </span>
     <span class='ocr_line' id='line_1_26' title="bbox 161 3128 790 3192; baseline 0.01 -19"><span class='ocrx_word' id='word_1_255' title='bbox 161 3128 234 3174; x_wconf 85' lang='lat' dir='ltr'><strong>altero</strong></span> <span class='ocrx_word' id='word_1_256' title='bbox 244 3128 330 3189; x_wconf 78' lang='lat' dir='ltr'><strong>glacies</strong></span> <span class='ocrx_word' id='word_1_257' title='bbox 345 3130 448 3191; x_wconf 83' lang='lat' dir='ltr'><strong>quietem</strong></span> <span class='ocrx_word' id='word_1_258' title='bbox 463 3144 531 3175; x_wconf 84' lang='lat' dir='ltr'><strong>auam</strong></span> <span class='ocrx_word' id='word_1_259' title='bbox 546 3138 670 3187; x_wconf 83' lang='lat' dir='ltr'><strong>conservet,</strong></span> <span class='ocrx_word' id='word_1_260' title='bbox 686 3140 715 3179; x_wconf 88' lang='lat' dir='ltr'><strong>ut</strong></span> <span class='ocrx_word' id='word_1_261' title='bbox 729 3145 790 3192; x_wconf 86' lang='lat' dir='ltr'><strong>aqua</strong></span> 
     </span>
     <span class='ocr_line' id='line_1_27' title="bbox 161 3192 789 3254; baseline 0.006 -17"><span class='ocrx_word' id='word_1_262' title='bbox 161 3200 299 3238; x_wconf 82' lang='lat' dir='ltr'><strong>cataractam</strong></span> <span class='ocrx_word' id='word_1_263' title='bbox 309 3208 324 3239; x_wconf 89' lang='lat' dir='ltr'><strong>a</strong></span> <span class='ocrx_word' id='word_1_264' title='bbox 331 3195 375 3241; x_wconf 90' lang='lat' dir='ltr'><strong>bm</strong></span> <span class='ocrx_word' id='word_1_265' title='bbox 382 3192 396 3241; x_wconf 83' lang='lat' dir='ltr'><strong>f</strong></span> <span class='ocrx_word' id='word_1_266' title='bbox 401 3209 414 3239; x_wconf 89' lang='lat' dir='ltr'><strong>e</strong></span> <span class='ocrx_word' id='word_1_267' title='bbox 423 3208 441 3239; x_wconf 91' lang='lat' dir='ltr'><strong>n</strong></span> <span class='ocrx_word' id='word_1_268' title='bbox 461 3192 583 3240; x_wconf 85' lang='lat' dir='ltr'><strong>formando</strong></span> <span class='ocrx_word' id='word_1_269' title='bbox 593 3194 789 3254; x_wconf 83' lang='lat' dir='ltr'><strong>effluatperfora·</strong></span> 
     </span>
     <span class='ocr_line' id='line_1_28' title="bbox 161 3255 790 3305; baseline 0.003 -2"><span class='ocrx_word' id='word_1_270' title='bbox 161 3269 216 3303; x_wconf 86' lang='lat' dir='ltr'><strong>uren</strong></span> <span class='ocrx_word' id='word_1_271' title='bbox 226 3270 241 3301; x_wconf 92' lang='lat' dir='ltr'><strong>e</strong></span> <span class='ocrx_word' id='word_1_272' title='bbox 250 3255 265 3301; x_wconf 90' lang='lat' dir='ltr'><strong>f</strong></span> <span class='ocrx_word' id='word_1_273' title='bbox 272 3256 368 3303; x_wconf 81' lang='lat' dir='ltr'><strong>sectioni</strong></span> <span class='ocrx_word' id='word_1_274' title='bbox 377 3272 442 3303; x_wconf 76' lang='lat' dir='ltr'><strong>venae</strong></span> <span class='ocrx_word' id='word_1_275' title='bbox 451 3266 574 3305; x_wconf 82' lang='lat' dir='ltr'><strong>contractae</strong></span> <span class='ocrx_word' id='word_1_276' title='bbox 585 3273 598 3304; x_wconf 88' lang='lat' dir='ltr'><strong>e</strong></span> <span class='ocrx_word' id='word_1_277' title='bbox 608 3258 722 3305; x_wconf 88' lang='lat' dir='ltr'><strong>foramine</strong></span> <span class='ocrx_word' id='word_1_278' title='bbox 735 3257 790 3305; x_wconf 84' lang='lat' dir='ltr'><strong>EF</strong></span> 
     </span>
     <span class='ocr_line' id='line_1_29' title="bbox 162 3319 790 3381; baseline 0.006 -17"><span class='ocrx_word' id='word_1_279' title='bbox 162 3319 278 3365; x_wconf 82' lang='lat' dir='ltr'><strong>exilientis</strong></span> <span class='ocrx_word' id='word_1_280' title='bbox 293 3319 397 3381; x_wconf 74' lang='lat' dir='ltr'><strong>aequale5</strong></span> <span class='ocrx_word' id='word_1_281' title='bbox 417 3330 441 3367; x_wconf 83' lang='lat' dir='ltr'><strong>at</strong></span> <span class='ocrx_word' id='word_1_282' title='bbox 457 3320 510 3367; x_wconf 89' lang='lat' dir='ltr'><strong>loco</strong></span> <span class='ocrx_word' id='word_1_283' title='bbox 526 3320 591 3369; x_wconf 78' lang='lat' dir='ltr'><strong>vasis.</strong></span> <span class='ocrx_word' id='word_1_284' title='bbox 606 3325 629 3369; x_wconf 84' lang='grc' dir='ltr'><strong>Δ</strong></span> <span class='ocrx_word' id='word_1_285' title='bbox 643 3323 665 3369; x_wconf 88' lang='grc' dir='ltr'>Β</span> <span class='ocrx_word' id='word_1_286' title='bbox 679 3322 745 3378; x_wconf 84' lang='lat' dir='ltr'><strong>DC,</strong></span> <span class='ocrx_word' id='word_1_287' title='bbox 763 3321 790 3368; x_wconf 83' lang='lat' dir='ltr'><strong>iu</strong></span> 
     </span>
     <span class='ocr_line' id='line_1_30' title="bbox 164 3382 790 3445; baseline 0.006 -16"><span class='ocrx_word' id='word_1_288' title='bbox 164 3382 318 3431; x_wconf 80' lang='lat' dir='ltr'><strong>Problematia</strong></span> <span class='ocrx_word' id='word_1_289' title='bbox 324 3383 440 3431; x_wconf 82' lang='lat' dir='ltr'><strong>solutione</strong></span> <span class='ocrx_word' id='word_1_290' title='bbox 446 3384 553 3439; x_wconf 79' lang='lat' dir='ltr'><strong>substitui</strong></span> <span class='ocrx_word' id='word_1_291' title='bbox 559 3385 790 3445; x_wconf 81' lang='lat' dir='ltr'><strong>poteritraaalterum</strong></span> 
     </span>
     <span class='ocr_line' id='line_1_31' title="bbox 161 3446 788 3509; baseline 0.003 -16"><span class='ocrx_word' id='word_1_292' title='bbox 161 3446 228 3493; x_wconf 88' lang='lat' dir='ltr'><strong>abd</strong></span> <span class='ocrx_word' id='word_1_293' title='bbox 239 3462 260 3503; x_wconf 87' lang='lat' dir='ltr'><strong>c,</strong></span> <span class='ocrx_word' id='word_1_294' title='bbox 279 3447 306 3493; x_wconf 94' lang='lat' dir='ltr'><strong>in</strong></span> <span class='ocrx_word' id='word_1_295' title='bbox 323 3462 372 3509; x_wconf 92' lang='lat' dir='ltr'><strong>quo</strong></span> <span class='ocrx_word' id='word_1_296' title='bbox 387 3462 455 3509; x_wconf 75' lang='lat' dir='ltr'><strong>aquae</strong></span> <span class='ocrx_word' id='word_1_297' title='bbox 470 3463 511 3508; x_wconf 82' lang='lat' dir='ltr'><strong>per</strong></span> <span class='ocrx_word' id='word_1_298' title='bbox 526 3449 607 3497; x_wconf 87' lang='lat' dir='ltr'><strong>lumen</strong></span> <span class='ocrx_word' id='word_1_299' title='bbox 622 3450 660 3497; x_wconf 89' lang='lat' dir='ltr'><strong>ef</strong></span> <span class='ocrx_word' id='word_1_300' title='bbox 672 3448 788 3497; x_wconf 84' lang='lat' dir='ltr'><strong>effluentia</strong></span> 
     </span>
     <span class='ocr_line' id='line_1_32' title="bbox 161 3508 787 3575; baseline 0.005 -19"><span class='ocrx_word' id='word_1_301' title='bbox 161 3508 243 3556; x_wconf 88' lang='lat' dir='ltr'><strong>eadem</strong></span> <span class='ocrx_word' id='word_1_302' title='bbox 253 3520 288 3557; x_wconf 84' lang='lat' dir='ltr'><strong>est</strong></span> <span class='ocrx_word' id='word_1_303' title='bbox 299 3511 407 3558; x_wconf 81' lang='lat' dir='ltr'><strong>velocitas</strong></span> <span class='ocrx_word' id='word_1_304' title='bbox 417 3526 489 3573; x_wconf 89' lang='lat' dir='ltr'><strong>quam</strong></span> <span class='ocrx_word' id='word_1_305' title='bbox 499 3527 560 3575; x_wconf 88' lang='lat' dir='ltr'><strong>aqua</strong></span> <span class='ocrx_word' id='word_1_306' title='bbox 569 3528 584 3559; x_wconf 92' lang='lat' dir='ltr'><strong>e</strong></span> <span class='ocrx_word' id='word_1_307' title='bbox 594 3528 646 3559; x_wconf 82' lang='lat' dir='ltr'><strong>vaae</strong></span> <span class='ocrx_word' id='word_1_308' title='bbox 658 3512 682 3559; x_wconf 87' lang='lat' dir='ltr'>A</span> <span class='ocrx_word' id='word_1_309' title='bbox 695 3513 717 3559; x_wconf 93' lang='grc' dir='ltr'>Β</span> <span class='ocrx_word' id='word_1_310' title='bbox 730 3512 755 3559; x_wconf 91' lang='lat' dir='ltr'><strong>D</strong></span> <span class='ocrx_word' id='word_1_311' title='bbox 766 3511 787 3559; x_wconf 80' lang='grc' dir='ltr'>Ο</span> 
     </span>
     <span class='ocr_line' id='line_1_33' title="bbox 162 3573 788 3632; baseline 0.006 -13"><span class='ocrx_word' id='word_1_312' title='bbox 162 3573 258 3621; x_wconf 82' lang='lat' dir='ltr'><strong>exiliens</strong></span> <span class='ocrx_word' id='word_1_313' title='bbox 266 3575 369 3621; x_wconf 81' lang='lat' dir='ltr'><strong>hebetia</strong></span> <span class='ocrx_word' id='word_1_314' title='bbox 377 3575 479 3623; x_wconf 82' lang='lat' dir='ltr'><strong>sectione</strong></span> <span class='ocrx_word' id='word_1_315' title='bbox 484 3590 549 3623; x_wconf 76' lang='lat' dir='ltr'><strong>reae</strong></span> <span class='ocrx_word' id='word_1_316' title='bbox 557 3586 688 3632; x_wconf 72' lang='lat' dir='ltr'><strong>contractu,</strong></span> <span class='ocrx_word' id='word_1_317' title='bbox 696 3574 788 3623; x_wconf 84' lang='lat' dir='ltr'><strong>eadem-</strong></span> 
     </span>
     <span class='ocr_line' id='line_1_34' title="bbox 161 3637 788 3700; baseline 0.003 -17"><span class='ocrx_word' id='word_1_318' title='bbox 161 3652 207 3697; x_wconf 84' lang='lat' dir='ltr'><strong>que</strong></span> <span class='ocrx_word' id='word_1_319' title='bbox 217 3637 316 3698; x_wconf 73' lang='lat' dir='ltr'><strong>proinde</strong></span> <span class='ocrx_word' id='word_1_320' title='bbox 326 3653 393 3700; x_wconf 69' lang='lat' dir='ltr'><strong>aqua</strong></span> <span class='ocrx_word' id='word_1_321' title='bbox 403 3638 520 3700; x_wconf 78' lang='lat' dir='ltr'><strong>quantitas</strong></span> <span class='ocrx_word' id='word_1_322' title='bbox 530 3640 556 3685; x_wconf 91' lang='lat' dir='ltr'><strong>iu</strong></span> <span class='ocrx_word' id='word_1_323' title='bbox 566 3639 687 3687; x_wconf 82' lang='lat' dir='ltr'><strong>defluxum</strong></span> <span class='ocrx_word' id='word_1_324' title='bbox 697 3638 788 3698; x_wconf 86' lang='lat' dir='ltr'><strong>impen-</strong></span> 
     </span>
     <span class='ocr_line' id='line_1_35' title="bbox 161 3700 789 3765; baseline 0.002 -18"><span class='ocrx_word' id='word_1_325' title='bbox 161 3700 231 3757; x_wconf 85' lang='lat' dir='ltr'><strong>ditur,</strong></span> <span class='ocrx_word' id='word_1_326' title='bbox 248 3711 273 3749; x_wconf 85' lang='lat' dir='ltr'><strong>et</strong></span> <span class='ocrx_word' id='word_1_327' title='bbox 283 3700 404 3761; x_wconf 69' lang='lat' dir='ltr'><strong>propterea</strong></span> <span class='ocrx_word' id='word_1_328' title='bbox 418 3702 481 3749; x_wconf 89' lang='lat' dir='ltr'><strong>idem</strong></span> <span class='ocrx_word' id='word_1_329' title='bbox 491 3718 557 3765; x_wconf 87' lang='lat' dir='ltr'><strong>aquae</strong></span> <span class='ocrx_word' id='word_1_330' title='bbox 567 3703 659 3762; x_wconf 88' lang='lat' dir='ltr'><strong>pondua</strong></span> <span class='ocrx_word' id='word_1_331' title='bbox 666 3702 742 3751; x_wconf 84' lang='lat' dir='ltr'><strong>fundo</strong></span> <span class='ocrx_word' id='word_1_332' title='bbox 752 3703 789 3749; x_wconf 90' lang='lat' dir='ltr'><strong>iu-</strong></span> 
     </span>
     <span class='ocr_line' id='line_1_36' title="bbox 161 3765 790 3827; baseline 0.006 -17"><span class='ocrx_word' id='word_1_333' title='bbox 161 3765 251 3811; x_wconf 85' lang='lat' dir='ltr'><strong>cumbit</strong></span> <span class='ocrx_word' id='word_1_334' title='bbox 260 3766 286 3811; x_wconf 92' lang='lat' dir='ltr'><strong>in</strong></span> <span class='ocrx_word' id='word_1_335' title='bbox 297 3776 398 3827; x_wconf 87' lang='lat' dir='ltr'><strong>utroque</strong></span> <span class='ocrx_word' id='word_1_336' title='bbox 413 3781 473 3813; x_wconf 81' lang='lat' dir='ltr'><strong>vaae.</strong></span> <span class='ocrx_word' id='word_1_337' title='bbox 511 3766 629 3820; x_wconf 81' lang='lat' dir='ltr'><strong>Quoniam</strong></span> <span class='ocrx_word' id='word_1_338' title='bbox 646 3766 708 3813; x_wconf 87' lang='lat' dir='ltr'><strong>enim</strong></span> <span class='ocrx_word' id='word_1_339' title='bbox 726 3774 790 3814; x_wconf 86' lang='lat' dir='ltr'><strong>cata·</strong></span> 
     </span>
     <span class='ocr_line' id='line_1_37' title="bbox 160 3828 790 3891; baseline 0.003 -16"><span class='ocrx_word' id='word_1_340' title='bbox 160 3838 230 3875; x_wconf 81' lang='lat' dir='ltr'><strong>tactae</strong></span> <span class='ocrx_word' id='word_1_341' title='bbox 241 3828 354 3878; x_wconf 83' lang='lat' dir='ltr'><strong>abmfe</strong></span> <span class='ocrx_word' id='word_1_342' title='bbox 367 3842 385 3873; x_wconf 87' lang='lat' dir='ltr'><strong>n</strong></span> <span class='ocrx_word' id='word_1_343' title='bbox 406 3828 563 3890; x_wconf 65' lang='lat' dir='ltr'><strong>figurantur</strong></span> <span class='ocrx_word' id='word_1_344' title='bbox 574 3830 703 3877; x_wconf 75' lang='lat' dir='ltr'><strong>secundum</strong></span> <span class='ocrx_word' id='word_1_345' title='bbox 717 3842 790 3891; x_wconf 82' lang='lat' dir='ltr'><strong>quam</strong></span> 
     </span>
     <span class='ocr_line' id='line_1_38' title="bbox 161 3890 789 3953; baseline -0.002 -14"><span class='ocrx_word' id='word_1_346' title='bbox 161 3905 221 3953; x_wconf 82' lang='lat' dir='ltr'><strong>aqua</strong></span> <span class='ocrx_word' id='word_1_347' title='bbox 231 3892 347 3939; x_wconf 69' lang='lat' dir='ltr'><strong>camneti</strong></span> <span class='ocrx_word' id='word_1_348' title='bbox 356 3890 398 3939; x_wconf 79' lang='lat' dir='ltr'><strong>int</strong></span> <span class='ocrx_word' id='word_1_349' title='bbox 409 3902 516 3939; x_wconf 83' lang='lat' dir='ltr'><strong>movetur</strong></span> <span class='ocrx_word' id='word_1_350' title='bbox 531 3902 592 3939; x_wconf 77' lang='lat' dir='ltr'><strong>notae</strong></span> <span class='ocrx_word' id='word_1_351' title='bbox 608 3902 670 3948; x_wconf 85' lang='lat' dir='ltr'><strong>suut,</strong></span> <span class='ocrx_word' id='word_1_352' title='bbox 692 3892 789 3941; x_wconf 82' lang='lat' dir='ltr'><strong>Proble-</strong></span> 
     </span>
     <span class='ocr_line' id='line_1_39' title="bbox 161 3955 790 4019; baseline 0.006 -18"><span class='ocrx_word' id='word_1_353' title='bbox 161 3956 229 4003; x_wconf 85' lang='lat' dir='ltr'><strong>matis</strong></span> <span class='ocrx_word' id='word_1_354' title='bbox 248 3956 334 4005; x_wconf 84' lang='lat' dir='ltr'><strong>solutio</strong></span> <span class='ocrx_word' id='word_1_355' title='bbox 349 3966 373 4003; x_wconf 84' lang='lat' dir='ltr'><strong>et</strong></span> <span class='ocrx_word' id='word_1_356' title='bbox 389 3956 479 4003; x_wconf 86' lang='lat' dir='ltr'><strong>facilior</strong></span> <span class='ocrx_word' id='word_1_357' title='bbox 494 3965 518 4004; x_wconf 86' lang='lat' dir='ltr'><strong>et</strong></span> <span class='ocrx_word' id='word_1_358' title='bbox 535 3956 609 4019; x_wconf 80' lang='lat' dir='ltr'><strong>magia</strong></span> <span class='ocrx_word' id='word_1_359' title='bbox 626 3955 790 4005; x_wconf 83' lang='lat' dir='ltr'><strong>mathematica</strong></span> 
     </span>
     <span class='ocr_line' id='line_1_40' title="bbox 162 4018 790 4075; baseline 0.006 -12"><span class='ocrx_word' id='word_1_360' title='bbox 162 4018 208 4075; x_wconf 84' lang='lat' dir='ltr'><strong>fiet,</strong></span> <span class='ocrx_word' id='word_1_361' title='bbox 229 4020 248 4067; x_wconf 87' lang='lat' dir='ltr'><strong>ai</strong></span> <span class='ocrx_word' id='word_1_362' title='bbox 265 4020 318 4067; x_wconf 89' lang='lat' dir='ltr'><strong>loco</strong></span> <span class='ocrx_word' id='word_1_363' title='bbox 333 4020 393 4067; x_wconf 85' lang='lat' dir='ltr'><strong>vasis</strong></span> <span class='ocrx_word' id='word_1_364' title='bbox 405 4020 429 4066; x_wconf 83' lang='lat' dir='ltr'>A</span> <span class='ocrx_word' id='word_1_365' title='bbox 443 4020 465 4066; x_wconf 93' lang='grc' dir='ltr'>Β</span> <span class='ocrx_word' id='word_1_366' title='bbox 478 4019 503 4066; x_wconf 93' lang='lat' dir='ltr'>D</span> <span class='ocrx_word' id='word_1_367' title='bbox 517 4018 536 4068; x_wconf 90' lang='lat' dir='ltr'>C</span> <span class='ocrx_word' id='word_1_368' title='bbox 548 4029 627 4067; x_wconf 85' lang='lat' dir='ltr'><strong>mente</strong></span> <span class='ocrx_word' id='word_1_369' title='bbox 636 4020 790 4069; x_wconf 82' lang='lat' dir='ltr'><strong>substituatur</strong></span> 
     </span>
    </p>
   </div>
   <div class='ocr_carea' id='block_1_8' title="bbox 106 4083 309 4131">
    <p class='ocr_par' dir='ltr' id='par_1_10' title="bbox 106 4083 309 4131">
     <span class='ocr_line' id='line_1_41' title="bbox 106 4083 309 4131; baseline 0.02 -4"><span class='ocrx_word' id='word_1_370' title='bbox 106 4108 109 4113; x_wconf 38' lang='grc' dir='ltr'><strong>ι</strong></span> <span class='ocrx_word' id='word_1_371' title='bbox 160 4083 309 4131; x_wconf 82' lang='lat' dir='ltr'><strong>vaaabdc.</strong></span> 
     </span>
    </p>
   </div>
   <div class='ocr_carea' id='block_1_9' title="bbox 104 4144 916 4805">
    <p class='ocr_par' dir='ltr' id='par_1_11' title="bbox 104 4144 916 4805">
     <span class='ocr_line' id='line_1_42' title="bbox 194 4144 790 4210; baseline -0.002 -14"><span class='ocrx_word' id='word_1_372' title='bbox 194 4145 226 4209; x_wconf 88' lang='lat'><strong>(⁸)</strong></span> <span class='ocrx_word' id='word_1_373' title='bbox 239 4150 253 4177; x_wconf 72' lang='lat'>⁸</span> <span class='ocrx_word' id='word_1_374' title='bbox 265 4148 388 4210; x_wconf 79' lang='lat' dir='ltr'><strong>Aequiret.</strong></span> <span class='ocrx_word' id='word_1_375' title='bbox 424 4144 487 4193; x_wconf 73' lang='lat' dir='ltr'><strong>Hac</strong></span> <span class='ocrx_word' id='word_1_376' title='bbox 498 4161 526 4193; x_wconf 84' lang='lat' dir='ltr'><strong>ex</strong></span> <span class='ocrx_word' id='word_1_377' title='bbox 542 4144 612 4207; x_wconf 75' lang='lat' dir='ltr'><strong>¹cupri</strong></span> <span class='ocrx_word' id='word_1_378' title='bbox 627 4145 790 4195; x_wconf 74' lang='lat' dir='ltr'><strong>demonstratis</strong></span> 
     </span>
     <span class='ocr_line' id='line_1_43' title="bbox 160 4218 789 4336; baseline -0.022 1"><span class='ocrx_word' id='word_1_379' title='bbox 160 4218 254 4336; x_wconf 39' lang='lat' dir='ltr'><strong>Niga</strong></span> <span class='ocrx_word' id='word_1_380' title='bbox 267 4278 316 4325; x_wconf 82' lang='lat' dir='ltr'><strong>Per</strong></span> <span class='ocrx_word' id='word_1_381' title='bbox 326 4276 413 4322; x_wconf 77' lang='lat' dir='ltr'><strong>lineam</strong></span> <span class='ocrx_word' id='word_1_382' title='bbox 425 4274 550 4335; x_wconf 77' lang='lat' dir='ltr'><strong>obliquam·</strong></span> <span class='ocrx_word' id='word_1_383' title='bbox 585 4275 616 4323; x_wconf 88' lang='lat' dir='ltr'><strong>Iu</strong></span> <span class='ocrx_word' id='word_1_384' title='bbox 626 4276 670 4323; x_wconf 91' lang='lat' dir='ltr'><strong>hoc</strong></span> <span class='ocrx_word' id='word_1_385' title='bbox 686 4272 789 4323; x_wconf 78' lang='lat' dir='ltr'><strong>secundo</strong></span> 
     </span>
     <span class='ocr_line' id='line_1_44' title="bbox 104 4337 789 4451; baseline -0.007 -61"><span class='ocrx_word' id='word_1_386' title='bbox 104 4369 109 4380; x_wconf 84' lang='lat'>·</span> <span class='ocrx_word' id='word_1_387' title='bbox 161 4350 289 4451; x_wconf 42' lang='lat' dir='ltr'><strong>&amp;effi</strong></span> <span class='ocrx_word' id='word_1_388' title='bbox 302 4353 371 4401; x_wconf 80' lang='lat' dir='ltr'><strong>aquae</strong></span> <span class='ocrx_word' id='word_1_389' title='bbox 386 4352 428 4397; x_wconf 93' lang='lat' dir='ltr'><strong>per</strong></span> <span class='ocrx_word' id='word_1_390' title='bbox 443 4337 517 4385; x_wconf 81' lang='lat' dir='ltr'><strong>linear</strong></span> <span class='ocrx_word' id='word_1_391' title='bbox 527 4338 555 4385; x_wconf 88' lang='lat' dir='ltr'><strong>ad</strong></span> <span class='ocrx_word' id='word_1_392' title='bbox 568 4338 673 4386; x_wconf 86' lang='lat' dir='ltr'><strong>foramen</strong></span> <span class='ocrx_word' id='word_1_393' title='bbox 682 4338 789 4402; x_wconf 82' lang='lat' dir='ltr'><strong>obliquas</strong></span> 
     </span>
     <span class='ocr_line' id='line_1_45' title="bbox 159 4464 786 4590; baseline -0.008 -72"><span class='ocrx_word' id='word_1_394' title='bbox 159 4524 181 4575; x_wconf 43' lang='lat' dir='ltr'><strong>I·</strong></span> <span class='ocrx_word' id='word_1_395' title='bbox 186 4466 226 4590; x_wconf 77' lang='lat'>)(¹¹)</span> <span class='ocrx_word' id='word_1_396' title='bbox 236 4470 289 4516; x_wconf 78' lang='lat' dir='ltr'><strong>&#39;Ut</strong></span> <span class='ocrx_word' id='word_1_397' title='bbox 300 4468 413 4517; x_wconf 71' lang='lat' dir='ltr'><strong>Galilaeae</strong></span> <span class='ocrx_word' id='word_1_398' title='bbox 421 4468 584 4516; x_wconf 76' lang='lat' dir='ltr'><strong>denumeravit</strong></span> <span class='ocrx_word' id='word_1_399' title='bbox 593 4468 643 4531; x_wconf 87' lang='lat'><strong>(81.</strong></span> <span class='ocrx_word' id='word_1_400' title='bbox 653 4474 677 4514; x_wconf 91' lang='lat' dir='ltr'><strong>et</strong></span> <span class='ocrx_word' id='word_1_401' title='bbox 685 4469 721 4514; x_wconf 81' lang='lat'><strong>8⁵.</strong></span> <span class='ocrx_word' id='word_1_402' title='bbox 732 4464 786 4515; x_wconf 91' lang='lat' dir='ltr'><strong>Lib.</strong></span> 
     </span>
     <span class='ocr_line' id='line_1_46' title="bbox 156 4562 826 4708; baseline 0.001 -6"><span class='ocrx_word' id='word_1_403' title='bbox 156 4562 339 4708; x_wconf 55' lang='lat' dir='ltr'><strong>riuti:</strong></span> <span class='ocrx_word' id='word_1_404' title='bbox 363 4595 790 4707; x_wconf 55' lang='lat' dir='ltr'><strong>ruerunt</strong></span> <span class='ocrx_word' id='word_1_405' title='bbox 821 4646 826 4657; x_wconf 36' lang='grc' dir='ltr'><strong>ι</strong></span> 
     </span>
     <span class='ocr_line' id='line_1_47' title="bbox 157 4673 916 4805; baseline -0.003 -35"><span class='ocrx_word' id='word_1_406' title='bbox 157 4719 293 4784; x_wconf 69' lang='lat' dir='ltr'><strong>capuan</strong></span> <span class='ocrx_word' id='word_1_407' title='bbox 312 4720 421 4770; x_wconf 64' lang='lat' dir='ltr'><strong>umam</strong></span> <span class='ocrx_word' id='word_1_408' title='bbox 441 4673 807 4771; x_wconf 64' lang='lat' dir='ltr'><strong>arammaumia&#39;</strong></span> <span class='ocrx_word' id='word_1_409' title='bbox 909 4793 916 4805; x_wconf 18' lang='grc' dir='ltr'><strong><em>ἱ</em></strong></span> 
     </span>
    </p>
   </div>
   <div class='ocr_carea' id='block_1_10' title="bbox 0 0 1722 5500">
    <p class='ocr_par' dir='ltr' id='par_1_12' title="bbox 0 0 1722 5500">
     <span class='ocr_line' id='line_1_48' title="bbox 0 0 1722 5500; baseline 0 1"><span class='ocrx_word' id='word_1_410' title='bbox 0 0 1722 5500; x_wconf 95' lang='lat' dir='ltr'><strong> </strong></span> 
     </span>
    </p>
   </div>
  </div>
 </body>
</html>
