3434 5500
579 417 917 489 PHILOSOPHIAE
939 418 1209 488 utrumme
1274 395 1547 500 [mozonem.

265 578 519 652 quuntur'lrypotlrescs
530 601 578 638 non
588 591 650 655 aegrd
660 591 737 640 referri
752 593 891 654 plerumque
923 591 1019 639 tentiam
1025 605 1054 639 ex
1062 592 1184 640 tenacitate
1191 590 1252 648 dati,
1262 591 1285 637 ri
1296 590 1331 638 illi
1341 589 1459 654 gnvitatis
1465 603 1542 651 tequa-

265 663 362 715 possunt
377 653 407 700 ad
423 653 624 702 determinationes
641 665 749 703 motuum
764 671 822 718 quas
837 657 890 702 alie
920 656 945 712 li,
962 655 988 701 in
1003 655 1060 702 locis
1075 654 1166 702 tantiun
1176 673 1197 710 a,
1210 659 1232 711 b,
1243 655 1266 710 d,
1278 657 1320 702 &o
1333 665 1443 716 reagente
1453 664 1542 711 ortamg

264 718 351 777 priores
366 717 503 778 hypotheses
523 717 563 781 (de
579 721 663 782 quibus
679 722 708 767 ab
727 719 794 766 initio
809 728 888 766 actum
919 719 944 764 in
959 719 1038 778 spatiis
1053 717 1107 766 vero
1122 719 1263 766 intermediis
1276 723 1299 765 A
1312 719 1335 766 B
1345 728 1368 765 et
1379 720 1426 773 ab,
1446 718 1467 764 B
1480 718 1541 764 Det

264 785 309 840 est)
321 779 474 841 suppeditant,
490 781 554 844 quod
564 781 672 842 deinceps
682 782 838 830 ostendemus.
920 782 970 838 bd,
981 783 1024 829 irc.
1042 782 1136 829 nullum
1146 783 1177 829 sit
1186 783 1289 830 moulins
1303 781 1463 840 obstaculum
1483 780 1541 827 dum

296 849 318 890 8.
339 844 362 891 Si
380 843 485 891 medium
503 845 528 892 iu
546 860 594 908 quo
611 861 694 906 corpus
709 855 815 893 movetur
833 847 885 906 pei-
919 860 1015 905 corpora
1030 846 1168 905 perveniunt
1182 846 1208 891 in
1222 846 1243 892 A
1255 856 1279 892 et
1288 862 1310 901 a,
1327 845 1440 906 equalem
1455 846 1541 891 habent

263 906 322 955 lecte
338 893 439 954 dilidam
454 908 491 965 sit,
505 910 551 955 ¹hoc
567 918 608 966 est,
627 911 729 969 partibus
744 917 832 956 constet
843 924 885 971 op.
917 908 1069 962 velocitatem,
1082 918 1106 956 ει
1115 907 1199 956 deinde
1209 909 1275 956 victis
1285 909 1413 970 aequnlrlsus
1421 907 1447 954 in
1460 910 1483 954 A
1495 916 1541 954 ets

262 971 319 1020 timi
329 970 441 1051 latigatis
448 971 561 1047 nullique
571 973 692 1020 tenacitate
707 974 882 1030 coherentibus,
915 972 1046 1051 obstqculis,
1064 973 1114 1032 pari
1130 973 1206 1020 adhuc
1221 973 1341 1020 velocitate
1350 987 1392 1032 per
1406 972 1488 1045 spatia·
1495 971 1540 1046 mi:

916 1034 1540 1160 mmm

261 1162 383 1210 aderanda
398 1171 432 1209 est
448 1162 638 1224 resistentisque
648 1178 676 1210 ex
688 1163 758 1210 medii
769 1163 885 1211 reactione
916 1162 989 1221 spatia
999 1164 1022 1210 B
1036 1163 1061 1209 D
1072 1165 1120 1210 eth
1131 1165 1146 1210 d
1157 1163 1228 1210 simm
1242 1174 1373 1218 moventur,
1389 1171 1413 1209 et
1427 1161 1460 1208 ita
1474 1162 1539 1209 dein-

261 1231 339 1273 ort'um
356 1226 428 1282 ducit,
450 1235 531 1288 estque
549 1227 590 1272 illa
607 1237 633 1273 ut
652 1227 752 1274 densitas
772 1226 843 1274 medii
860 1236 884 1274 et
915 1239 970 1285 ceps
988 1227 1087 1273 eandem
1102 1242 1192 1287 semper
1206 1227 1350 1274 velocitatem
1365 1225 1463 1272 inlotis
1473 1224 1540 1286 teque

261 1289 400 1352 quadratum
416 1289 541 1336 velocitatis
558 1290 650 1337 mobilis
665 1290 713 1337 dati
729 1290 879 1352 conjunctim.
916 1289 969 1336 altis
976 1291 1068 1336 habent.
1103 1290 1244 1337 Miuuantur
1250 1289 1456 1352 jantaequaliailla
1466 1289 1539 1348 spatia

263 1353 324 1400 Hac
335 1353 398 1400 enim
413 1353 541 1400 resistentia
557 1355 608 1416 (per
620 1353 702 1400 Motits
713 1354 772 1415 Leg.
787 1359 809 1400 9.
822 1363 846 1401 ει
855 1360 879 1400 5.
916 1352 941 1398 A
954 1353 977 1400 B
988 1362 1012 1400 et
1021 1355 1069 1409 ab,
1084 1353 1105 1399 B
1119 1354 1144 1400 D
1155 1365 1179 1400 et
1188 1357 1204 1401 b
1214 1352 1238 1409 d,
1250 1355 1291 1400 dc.
1301 1367 1325 1400 et
1335 1368 1418 1400 eorum
1428 1366 1539 1398 numanis

261 1417 315 1464 Lib.
332 1417 367 1478 1.)
378 1425 412 1463 est
423 1425 450 1464 nt
460 1417 575 1480 quantitas
585 1417 663 1464 motits
671 1417 726 1464 dato
736 1418 883 1477 tempusculo
914 1425 1028 1477 augentur
1037 1417 1062 1462 in
1072 1416 1198 1471 infinitum.
1215 1427 1242 1464 ut
1257 1417 1292 1463 vis
1306 1416 1424 1479 gravitatis
1433 1425 1457 1462 ει
1471 1415 1539 1462 resis-

260 1480 439 1538 communicati;
457 1479 498 1527 sed
508 1479 562 1526 dati
569 1481 661 1556 mobilis
669 1481 795 1537 velocitate,
807 1495 882 1542 quan·
913 1479 991 1526 tentiae
1001 1480 1061 1526 actio
1069 1481 1105 1527 vel
1115 1481 1200 1528 reactio
1208 1481 1319 1529 continua
1326 1480 1442 1535 reddatun
1454 1487 1478 1526 et
1487 1493 1539 1526 oot-

259 1543 313 1590 titas
328 1542 405 1589 motiss
421 1543 585 1590 communicati
601 1554 673 1592 estut
686 1544 802 1606 quantitas
818 1543 884 1591 fluidi
917 1542 1140 1602 poraduoeandem
1150 1545 1237 1607 ubique
1246 1544 1397 1591 resistentiam
1413 1543 1537 1603 patientur,

259 1607 404 1666 tempusculo
415 1607 470 1654 dato
479 1607 601 1664 movenda,
620 1609 665 1655 hoc
678 1617 720 1664 est,
739 1616 767 1655 ut
782 1608 883 1654 densitas
916 1615 939 1652 et
950 1607 975 1652 in
985 1607 1041 1653 locis
1052 1606 1118 1668 aque
1128 1607 1181 1654 altis
1195 1607 1293 1655 eandem
1309 1607 1453 1654 velocitatem
1468 1608 1538 1652 habe-

258 1669 329 1717 medii
336 1686 344 1727 ;
366 1669 421 1718 dau
438 1679 517 1717 autem
534 1671 606 1718 medii
624 1672 743 1727 densitate,
765 1671 882 1732 quantitas
913 1671 979 1716 bunt
1008 1669 1088 1724 Quare
1097 1673 1227 1720 εεείειεειίε
1236 1687 1290 1734 quae
1301 1687 1330 1718 ex
1338 1670 1404 1718 fluidi
1414 1669 1537 1718 tenacitate

258 1733 335 1780 motin
351 1729 515 1780 communicati
526 1743 560 1781 εει
571 1745 598 1782 ut
613 1736 728 1798 quantitas
741 1734 810 1781 fluidi
826 1734 881 1782 dato
913 1741 993 1779 ortum
1003 1733 1075 1790 ducit,
1092 1744 1168 1794 potest
1183 1750 1239 1782 cum
1249 1736 1271 1782 vi
1283 1736 1400 1798 gravitatis
1415 1733 1539 1781 uniformis

258 1797 404 1858 tempusculo
411 1797 557 1854 dimovenda,
569 1808 593 1846 et
603 1808 630 1846 ut
637 1797 745 1846 velocitas
752 1797 798 1860 qui
807 1805 881 1860 quan·
911 1797 1048 1856 computari,
1060 1798 1114 1844 licet
1124 1798 1195 1845 medii
1205 1799 1316 1846 tenacitas
1326 1800 1350 1845 in
1361 1813 1446 1857 corpus
1458 1797 1536 1858 quies-

257 1861 311 1908 titas
321 1860 362 1908 illa
372 1859 438 1908 fluidi
448 1873 555 1908 movetur
564 1862 714 1924 conjunctim,
731 1871 755 1908 et
765 1861 880 1922 quantitas
913 1874 969 1905 cens
985 1860 1059 1923 (quod
1069 1861 1165 1922 quidem
1175 1862 1198 1906 vi
1206 1863 1323 1923 gravitatis
1338 1877 1429 1922 semper
1444 1875 1537 1922 urgere·

258 1924 325 1972 fluidi
335 1925 390 1972 dato
401 1925 546 1984 tempuscula
557 1925 696 1973 dimovenda
703 1923 818 1971 velocitati
828 1939 880 1970 mo-
912 1921 963 1981 tur)
974 1938 1043 1984 agere
1053 1923 1120 1970 nullo
1130 1924 1200 1970 modo
1210 1925 1290 1984 possit.

257 1988 311 2036 bilis
321 1988 497 2048 proportionalis
508 1997 549 2044 est,
567 2003 650 2047 corpus
660 1987 723 2032 enim
734 1986 807 2046 duplo
817 1987 880 2034 velo-
945 1990 983 2032 10.
1003 1986 1034 2032 In
1044 1984 1122 2033 fluidis
1132 1987 1204 2049 igitur
1210 1987 1333 2036 tenacitate
1338 1987 1417 2049 aliquia
1424 1985 1534 2047 praeditis,

259 2052 309 2099 cius
324 2053 403 2104 altero,
424 2050 497 2110 duplo
512 2052 588 2113 majus
598 2051 698 2110 spatium
709 2051 734 2095 in
744 2049 817 2096 fluido
828 2063 880 2108 per·
911 2047 1041 2095 resistentia
1051 2059 1086 2097 est
1096 2050 1180 2110 partim
1190 2051 1320 2108 unifotmis,
1331 2051 1416 2112 partim
1427 2049 1536 2097 velocita-
1618 2116 1620 2119 Ι

256 2124 340 2172 curret,
352 2115 429 2175 sicque
440 2113 513 2175 duplo
523 2114 629 2174 pluribus
637 2113 756 2174 particulis
766 2122 878 2160 occurret.
913 2111 943 2158 tis
952 2111 1064 2172 quadrato
1074 2113 1251 2173 proportionalis
1262 2117 1296 2178 (8.
1308 2115 1345 2175 9.)

261 2180 340 2234 Quare
356 2176 410 2225 (latai
427 2177 540 2226 densitate
556 2177 633 2230 medii,
653 2177 780 2224 resistentia
798 2185 833 2223 cst
854 2185 880 2223 ut
946 2179 983 2220 ll.
1002 2177 1108 2224 Lemma.
1121 2177 1159 2224 Jn
1170 2177 1309 2240 quicunque
1319 2177 1453 2226 resistentie
1463 2177 1536 2236 hypo'-

258 2243 397 2305 quadratum
420 2241 541 2288 celeritatis
564 2240 663 2296 mobilis,
690 2250 759 2300 atque
780 2238 839 2288 aded
860 2241 880 2288 si
912 2237 978 2294 thesi,
994 2239 1190 2298 corporistmnin
1200 2242 1279 2288 medio
1292 2242 1410 2290 resistente
1425 2243 1496 2302 quaa
1511 2241 1536 2289 iu

257 2321 333 2367 neque
353 2304 420 2352 fluidi
439 2303 546 2363 densitas,
570 2319 646 2367 neque
667 2303 758 2351 mobilis
777 2303 881 2350 celeritas
912 2315 986 2348 vacuo
996 2303 1054 2348 moti
1060 2303 1168 2350 velocitas
1177 2304 1243 2352 finita
1253 2306 1279 2351 in
1289 2306 1389 2368 ungulis
1399 2305 1536 2352 locisestut

257 2369 311 2417 deta
322 2369 357 2424 sit,
370 2369 414 2416 erit
423 2367 550 2416 resistentia
559 2377 587 2415 ut
596 2367 668 2415 medii
678 2367 779 2414 densitas
789 2376 812 2414 et
822 2383 880 2428 qua-
912 2363 1054 2411 elementum
1064 2367 1132 2426 spatii
1143 2367 1251 2428 descripti
1261 2368 1347 2416 directe
1358 2377 1382 2415 et
1391 2377 1538 2414 momentum

257 2433 350 2480 dratum
360 2433 486 2482 velocitatis
496 2431 647 2496 conjunctim,
658 2441 727 2492 atque
737 2432 788 2478 haec
798 2439 833 2477 est
843 2445 881 2478 re-
912 2429 1022 2486 temporis
1047 2444 1094 2492 quo
1119 2430 1256 2479 describitur
1280 2432 1377 2480 inverse.
1408 2431 1538 2479 *velocitas

256 2496 358 2544 sistentia
368 2513 420 2558 quae
432 2505 509 2542 ortum
517 2495 706 2544 ducitabinertid
714 2494 881 2556 particularum
912 2492 976 2536 enim
986 2491 1110 2540 uniformis
1119 2503 1154 2542 est
1163 2501 1191 2541 ut
1201 2496 1303 2556 spatium
1318 2495 1473 2557 quodctmque
1485 2493 1537 2542 des-

256 2561 323 2608 fluidi
333 2577 390 2623 quas
401 2575 483 2618 corpus
493 2571 583 2607 motum
594 2575 608 2606 e
618 2560 670 2606 loco
680 2559 782 2606 dimovet
796 2567 820 2604 et
828 2574 880 2620 quae
912 2555 1014 2615 criptum
1024 2557 1110 2604 directe
1120 2566 1144 2604 et
1154 2567 1246 2619 tempus
1256 2575 1304 2622 quo
1312 2560 1337 2606 id
1344 2560 1445 2619 spatium
1451 2558 1537 2606 descri-

254 2624 279 2671 in
290 2623 441 2673 velocioribus
451 2623 553 2670 motibus
563 2623 613 2671 sola
622 2622 671 2669 ferd
681 2625 820 2670 observatur.
911 2617 974 2665 bitur
990 2619 1088 2667 inverse.
1123 2621 1155 2668 In
1169 2622 1248 2670 medio
1262 2633 1343 2671 autem
1352 2624 1400 2670 sive
1415 2622 1535 2669 resistente

287 2694 309 2736 9.
330 2687 411 2734 Altam
418 2686 604 2747 resistentiaquoe
612 2701 641 2732 ex
649 2685 770 2733 tenacitate
777 2683 879 2746 partium
914 2680 962 2728 sive
980 2697 1054 2731 vacuo
1069 2684 1177 2732 velocitas
1193 2702 1234 2747 per
1254 2687 1355 2749 spatium
1376 2685 1467 2733 infinite
1484 2701 1538 2749 par·

255 2751 321 2799 fluidi
332 2750 454 2798 uniformis
464 2751 573 2808 nascitur,
589 2760 695 2797 constans
705 2758 746 2806 est,
764 2758 804 2796 aut
814 2747 878 2811 quod
910 2760 967 2791 vum
978 2747 1097 2809 aequabilis
1108 2758 1142 2796 est
1154 2751 1202 2813 (6.)

254 2816 317 2862 idem
325 2824 365 2867 est
377 2814 486 2874 temporis
493 2823 613 2875 momento
622 2812 807 2875 proportionalis,
815 2820 878 2859 catn-
945 2815 981 2856 12.
997 2814 1068 2860 Corol-
1084 2818 1106 2859 1.
1127 2812 1195 2860 Hinc
1211 2815 1322 2876 temporis
1339 2824 1486 2862 momentum
1502 2823 1537 2861 est

254 2895 300 2942 que
310 2879 334 2927 in
346 2878 480 2926 tardissimis
489 2877 592 2925 motibus
599 2877 729 2924 sensibilem
737 2876 827 2923 faciunt
837 2892 878 2922 ex·
911 2880 939 2918 ut
953 2884 1100 2921 momentum
1115 2892 1156 2922 sen
1172 2878 1314 2925 elementum
1330 2879 1397 2939 spatii
1412 2873 1498 2925 directe*
1512 2887 1536 2925 et

254 2938 388 3003 periments.
425 2941 450 2989 Si
465 2942 641 3001 enitnpartium
651 2939 717 2987 fluidi
733 2939 832 2987 cohaesio
847 2940 878 2987 sit
911 2936 1020 2984 velocitas
1029 2937 1132 2997 intersim
1148 2952 1296 2990 momentum
1306 2940 1361 2989 νεεδ
1370 2941 1438 3003 spatii
1454 2952 1481 2989 ut
1496 2956 1535 2989 ve·

254 3006 340 3067 ubique
351 3005 439 3063 eadem,
456 3006 478 3051 vi
492 3004 596 3067 quidam
611 3003 762 3051 determinati
773 3017 831 3063 opus
842 3012 877 3050 cst
910 2998 991 3047 locitas
1001 3010 1025 3047 et
1035 3012 1180 3049 momentum
1191 3005 1302 3066 temporis
1312 3006 1462 3069 conjunctim.

253 3082 281 3117 ut
290 3079 366 3130 partes
381 3068 427 3115 illae
443 3068 737 3130 separentur‚corporique
752 3067 876 3114 transitum
942 3068 979 3110 ts.
1000 3068 1071 3113 Corol.
1092 3072 1113 3112 2.
1139 3068 1164 3114 Si
1182 3069 1255 3130 igitur
1273 3070 1381 3116 velocitas
1401 3070 1491 3116 dicatur
1512 3084 1533 3126 v,

254 3136 377 3194 praebeant,
399 3132 546 3193 qudcumque
564 3132 659 3178 demum
676 3130 796 3178 velocitate
814 3129 875 3177 illud
907 3126 1008 3185 spatium
1024 3129 1165 3190 descriptum
1180 3148 1199 3189 s,
1219 3143 1374 3195 tempusque
1389 3132 1533 3193 descriptum

252 3198 346 3253 seratur,
362 3205 387 3243 et
395 3194 449 3243 idad
461 3196 494 3241 vis
503 3196 545 3241 illa
555 3195 688 3242 resntensiae
699 3209 754 3241 cum
764 3194 787 3239 si
797 3194 874 3255 gravi·
907 3235 943 3274 m
957 3237 969 3275 t
982 3230 1050 3276 “iu
1107 3194 1145 3239 ds
1197 3234 1214 3280 d
1250 3254 1284 3265 -
1300 3234 1317 3281 d
1383 3234 1400 3281 d
1437 3254 1472 3266 -
1489 3195 1526 3241 ds

252 3263 306 3307 tatis
316 3259 434 3316 uniformi,
449 3274 502 3320 quae
513 3257 613 3321 corporis
623 3257 766 3305 ascendentis
782 3266 874 3303 motum
1060 3248 1152 3318 ‘³3⁸3’
1172 3249 1186 3279 l
1225 3244 1284 3281 ⁸-
1327 3244 1373 3282 ⁵⁰²
1410 3244 1471 3281 1-
1489 3262 1532 3319 'a’

251 3324 358 3378 retardat,
375 3324 473 3371 moreni
490 3331 570 3382 potest.
603 3322 666 3367 Nam
682 3335 777 3381 corpora
787 3319 835 3367 duo
846 3321 877 3367 εἰ·
909 3331 1055 3391 somnusque
1074 3330 1200 3380 fluenotus
1220 3333 1243 3380 s.
1262 3348 1277 3379 v
1292 3332 1310 3380 d
1325 3343 1336 3381 t
1350 3351 1418 3393 =s‚
1437 3344 1461 3382 et
1477 3343 1487 3381 t
1504 3354 1539 3382 =

254 3386 320 3434 milia
330 3385 461 3457 et'oequalia
470 3400 524 3439 cum
536 3384 585 3447 pari
596 3383 797 3433 velocitateelocis
806 3384 876 3432 Ceto
946 3390 962 3436 d
973 3408 985 3438 s

906 3426 932 3476 Β.
945 3459 993 3481 -e

956 3488 972 3518 V

933 3540 980 3581 .14.
1002 3540 1074 3585 corel,
1091 3546 1115 3587 5.
1144 3542 1169 3589 Si
1186 3542 1219 3589 ita
1239 3543 1352 3604 descripta
1371 3542 1443 3592 fuerit
1463 3558 1534 3591 marva

912 3598 1041 3647 BPCut
1056 3605 1242 3666 ejusapplioatae
1259 3606 1532 3668 MP‚mp‚⁸¹iADs

900 3662 1029 3722 'normales
1048 3681 1166 3727 exponant
1176 3672 1320 3719 velocitatem
1331 3687 1353 3727 v,
1370 3681 1395 3719 ει
1404 3670 1509 3719 abscissae
1518 3686 1534 3718 a

236 4321 389 4381 perlinam-C
402 4322 434 4379 Ε,
446 4336 459 4368 c
470 4336 489 4375 ε,
502 4319 532 4367 ad
543 4328 628 4365 rectam
642 4316 682 4389 Csc
692 4316 808 4363 normales
815 4330 868 4377 pro-
952 4329 960 4351 =.
1431 4353 1444 4361 ,,

234 4385 353 4447 jiciantut,
370 4396 393 4433 et
409 4386 434 4432 in
450 4385 507 4431 locis
522 4381 589 4445 aeque
605 4380 657 4427 altis
669 4382 692 4426 A
704 4389 728 4427 et
738 4395 759 4436 a,
777 4380 834 4427 Bet
845 4383 869 4437 b,
971 4388 978 4393 ’
1010 4374 1043 4431 Α
1141 4414 1147 4423 .
1169 4367 1205 4423 M
1211 4366 1241 4404 ῃ
1414 4372 1443 4425 D

243 4449 308 4495 Det
325 4449 347 4503 d,
371 4451 413 4497 dic.
437 4447 550 4509 aequalem
567 4444 684 4505 patiantur·
699 4444 868 4500 resistentiam
906 4456 922 4465 ··

239 4527 323 4572 corpus
341 4514 435 4575 quidem
456 4514 475 4558 C
497 4508 648 4558 resistentiam
665 4507 796 4569 experiatur
815 4523 829 4553 a
847 4508 870 4553 vi
904 4518 993 4569 puncto
1008 4509 1056 4556 fixo
1075 4511 1099 4557 A
1114 4519 1214 4571 sumptoe
1234 4514 1257 4558 A
1270 4512 1309 4569 M,
1330 4513 1388 4559 Am
1405 4523 1529 4575 tempusq

240 4575 358 4637 gravitatis
374 4584 493 4625 constante
511 4578 575 4635 (quae
591 4572 616 4617 in
631 4570 688 4636 locis
702 4573 732 4628 A,
748 4572 778 4627 B,
791 4570 826 4626 D,
840 4572 870 4624 E,
904 4582 1054 4634 erectumque
1061 4574 1091 4619 sit
1098 4574 1291 4633 perpendiculum
1304 4577 1443 4624 ABcurvae
1450 4594 1528 4627 occur-

224 4632 225 4639 '
239 4642 282 4687 &a
296 4639 388 4688 tantiam
400 4639 465 4705 agat)
477 4636 610 4695 oriundam,
621 4648 705 4697 corpus
715 4633 770 4683 verd
780 4649 797 4681 ε
803 4634 871 4681 resis-
904 4651 958 4684 rens
969 4637 1037 4694 inB,
1048 4652 1102 4685 area
1114 4638 1137 4685 A
1148 4638 1170 4685 B
1181 4638 1203 4685 P
1214 4639 1244 4685 M
1255 4640 1351 4702 exponit
1359 4642 1460 4701 spatium
1469 4655 1527 4690 tem-
