3434 5500
181 426 293 493 lassu
309 426 472 506 susurru]
505 426 744 496 PRINCIPIA
768 426 1139 510 MATHEMATICA.
1397 436 1461 501 297

180 594 321 658 cursibus
336 617 355 658 a
369 615 461 658 causa
482 608 652 681 geuemrte
674 565 781 683 augeri
795 595 883 659 solet.
929 596 1038 661 Motus
1059 609 1163 660 autem
1187 596 1220 660 in
1247 598 1328 662 tubis
1351 598 1462 665 dilatu-

180 702 298 766 tiouem
319 722 468 764 sonorum
488 700 741 785 impedientibus,
766 701 885 765 tardius
908 702 1059 779 emittitur
1081 715 1112 766 et
1132 701 1241 767 fortius
1266 708 1406 784 recurrit,
1429 718 1461 771 et
1558 717 1561 723 '

178 823 345 896 propterea
358 835 378 875 a
391 823 479 875 motu
493 834 576 874 novo
590 810 721 898 siugulis
742 810 918 877 recursibus
938 811 1090 896 impresso
1111 812 1210 899 magis
1232 827 1373 901 augetur.
1417 816 1461 879 Et

179 916 248 980 haec
262 929 334 981 sunt
347 918 505 1002 praecipua
519 917 726 1001 phaenomena
746 939 905 981 sonorum.

181 1111 304 1159 somricto
320 1113 373 1161 a'e're
389 1112 451 1160 inter
468 1110 559 1160 labium
574 1121 598 1159 et
612 1113 678 1159 tube
687 1124 761 1167 orum,
778 1110 804 1157 in
835 1109 925 1171 seipso
936 1108 1096 1173 quotlindlcst
1106 1110 1244 1169 Newtonus,
1254 1126 1339 1173 nempe
1346 1128 1375 1161 ex
1381 1122 1459 1161 motus

179 1176 339 1239 prodigiosum
354 1176 456 1237 erumpit
470 1191 564 1233 sonum,
580 1185 604 1222 et
614 1174 755 1223 observabile
769 1175 805 1223 ri-
835 1174 1022 1235 reciprocstioue‚
1039 1174 1072 1221 its
1081 1182 1109 1221 ut
1119 1174 1195 1221 forms
1205 1178 1268 1222 tubae
1279 1192 1307 1223 ea
1318 1192 1367 1224 esse
1378 1177 1460 1225 debeat

179 1240 248 1287 detur
265 1256 294 1287 ee
312 1242 467 1288 iustrumenta
482 1240 516 1287 ita
526 1256 541 1287 e
550 1238 660 1300 parabole
675 1239 805 1298 discrepare
835 1247 863 1285 ut
879 1253 951 1285 sonus
967 1240 996 1285 ab
1011 1252 1060 1284 uno
1076 1238 1162 1298 pariere
1173 1240 1202 1285 sd
1213 1238 1311 1286 alterum
1328 1240 1459 1300 repellatur,

179 1312 207 1351 ut
225 1304 275 1350 auis
293 1320 342 1351 suae
358 1313 463 1363 respectu
480 1319 582 1350 convers
603 1303 681 1362 potius
701 1301 731 1348 sit
749 1304 806 1349 tube
836 1303 977 1349 extrinsecus
987 1316 1070 1348 sonum
1082 1301 1215 1359 derivando,
1232 1302 1264 1349 ita
1274 1312 1352 1351 tumen
1363 1313 1390 1350 ut
1400 1320 1459 1350 non-

179 1365 251 1429 quim
261 1382 368 1416 sonorus.
403 1368 580 1416 lucrementum
595 1366 673 1429 itaqu»
688 1366 740 1413 soni
751 1381 804 1412 uon
835 1367 880 1412 nisi
889 1380 930 1426 per
937 1366 1070 1413 innumeras
1076 1365 1212 1414 reflexiones
1218 1366 1265 1415 sive
1271 1368 1469 1429 reciprocationes*

179 1441 228 1477 tum
237 1431 338 1491 pendere
346 1430 438 1477 videtur
445 1446 475 1477 ex
482 1430 581 1492 eoquod
591 1446 662 1477 sonus
672 1430 805 1477 secundum
835 1430 899 1477 fores
911 1429 1037 1478 emittatur.

179 1494 230 1542 exis
240 1498 302 1543 tubes
313 1495 464 1543 directionem
475 1494 600 1555 parallelus
607 1503 681 1553 exeat,
691 1494 765 1559 quim
774 1508 804 1542 ex
