3434 5500
174 451 461 532 nasamonas]
492 446 734 518 seruorum
757 451 1127 519 marnauarrcs.
1265 417 1275 438 ’
1393 462 1455 520 iss

172 633 202 688 1.
218 637 249 688 et
264 634 295 690 8.
312 626 407 709 Prop.
424 625 483 690 IV.
500 623 571 688 Lib.
587 623 628 705 Ι.)
645 623 671 687 si
685 621 779 686 modb
793 634 901 686 centra
915 621 968 685 illa
981 623 1149 707 quiescant.
1195 622 1252 688 sin
1261 635 1452 701 moveantur,

169 733 318 818 quoniam
341 733 381 817 (¹)
397 733 438 796 ob
453 729 688 796 translationum
709 731 950 807 similitudinem,
974 731 1090 794 similes
1110 743 1238 795 nranent
1252 753 1361 796 eorum
1376 734 1453 800 situs

168 832 251 904 inter
265 853 466 926 systematum
480 841 646 925 particulas
654 863 663 916 ς
679 839 793 904 similes
807 839 994 904 inducentur
1004 840 1190 904 mutationes
1204 841 1239 904 in
1253 841 1363 928 figuris
1377 865 1453 927 quas

166 945 330 1030 parnense
344 946 533 1010 describunt.
579 939 701 1012 Similes
715 947 811 1033 igitur
825 959 918 1010 erunt
932 946 1245 1030 correspondentiam
1259 960 1292 1012 et
1306 948 1453 1013 similium

93 1097 95 1102 -
166 1055 392 1138 particularum
405 1068 508 1120 motus
524 1057 564 1140 (³)
578 1056 677 1142 ulque
692 1055 733 1118 ad
748 1075 894 1118 occursus
908 1076 981 1119 suos
994 1054 1124 1139 primos,
1145 1065 1177 1119 et
1189 1068 1356 1139 propterea
1369 1057 1454 1120 simi·

166 1161 214 1224 les
235 1183 391 1238 occursus,
416 1172 456 1225 et·
470 1162 585 1225 similes
605 1161 801 1242 reflexiones,
824 1173 855 1224 et
875 1160 1006 1225 subinde
1021 1165 1091 1246 (per
1102 1163 1169 1248 jam
1182 1161 1320 1242 ostensa)
1336 1162 1452 1228 similes

126 1296 138 1330 a
168 1280 273 1332 motus
287 1268 369 1332 inter
384 1291 418 1332 se
432 1269 533 1335 donec
546 1269 660 1336 iterdm
673 1272 707 1336 in
722 1293 754 1338 se
767 1283 878 1336 mutuo
891 1270 1067 1349 inciderint,
1089 1285 1121 1337 et
1135 1273 1180 1336 sic
1193 1272 1342 1359 deinceps
1354 1272 1389 1337 in
1402 1274 1452 1338 iu·

169 1373 303 1436 finitum.
350 1373 392 1449 Q.
407 1395 434 1438 e.
450 1373 481 1439 ds
508 1418 512 1426 ,

211 1484 311 1546 Corol.
329 1492 357 1546 1.
381 1483 469 1548 Hinc
484 1485 510 1550 si
524 1453 657 1569 corpora
670 1485 734 1549 duo
745 1455 872 1571 quaevis,
883 1509 953 1572 quae
964 1485 1145 1550 similiasint
1155 1499 1187 1550 et
1197 1485 1238 1550 ad
1249 1498 1450 1572 systematum

167 1587 333 1670 particulas
355 1591 634 1675 correspondentes
649 1590 789 1655 similiter
803 1593 872 1668 sita,
898 1593 981 1656 inter
1001 1592 1084 1674 ipsas
1105 1593 1295 1677 temporibus
1317 1617 1451 1678 propor·
1536 1618 1546 1630 ‘

57 1750 61 1759 .
166 1692 332 1757 tionalibus
361 1695 502 1760 similiter
529 1695 648 1760 moveri
676 1697 833 1779 incipiant,
869 1696 990 1782 sintque
1019 1717 1127 1760 eorum
1154 1685 1384 1784 magnitudines
1413 1724 1451 1766 ac

166 1801 334 1866 densitates
359 1802 400 1866 ad
426 1803 558 1867 invicem
581 1814 617 1866 ut
638 1802 867 1890 magnitudines
892 1825 929 1866 ac
952 1797 1118 1866 densitates
1141 1805 1450 1886 correspondentium

164 1906 404 1991 particularum:
426 1907 495 1974 haec
508 1920 641 1993 pergent
660 1907 852 1992 temporibus
867 1906 1150 1993 proportionalibus
1163 1907 1303 1973 similiter
1320 1911 1448 1980 moveri,

168 2079 203 2142 (4.
216 2076 271 2125 Lib.
285 2078 321 2138 Ι.)
334 2077 791 2140 FGsdbdutrisoentralisquircor-
825 2084 851 2136 χ
868 2077 889 2125 A
904 2078 965 2126 S=
979 2077 1044 2125 AS:
1058 2093 1109 2136 as;
1126 2077 1361 2128 eritBDsbd=
1375 2082 1397 2128 A
1410 2082 1445 2130 S:

164 2157 208 2202 pus
227 2144 249 2189 A
267 2151 365 2204 urgetur
380 2143 410 2192 ed
427 2143 474 2189 sim
491 2144 615 2192 casualem
631 2143 678 2205 qui
695 2151 792 2204 urgetur
823 2158 867 2199 as,
884 2152 908 2190 et
922 2144 953 2189 ob
964 2141 1140 2189 similitudinem
1150 2142 1287 2203 figurarum.
1304 2153 1331 2191 ut
1344 2145 1366 2191 A
1379 2145 1405 2192 D
1416 2145 1447 2194 sd

164 2220 248 2266 corpus
258 2221 287 2262 a;
308 2215 330 2252 et
341 2207 395 2268 quis
406 2207 465 2252 vires
475 2206 522 2252 illse
534 2209 586 2270 (per
598 2207 676 2267 Hyp.)
694 2216 749 2253 sunt
764 2215 791 2252 ut
822 2201 871 2262 a'd,
888 2203 988 2268 idedque
999 2207 1030 2252 ob
1040 2205 1140 2266 equales
1154 2207 1255 2268 angulos
1267 2207 1292 2254 D
1303 2207 1361 2264 esd,
1377 2209 1448 2256 uian-

164 2269 460 2330 qusdratumveloeitutum
470 2269 556 2317 directe
567 2279 591 2318 at
601 2269 715 2317 distantiae
729 2271 750 2316 A
765 2271 789 2325 S,
821 2269 879 2331 gula
892 2270 914 2315 A
928 2269 954 2315 D
967 2270 995 2325 B,
1007 2267 1074 2316 adb
1089 2277 1159 2315 erunt
1175 2269 1266 2326 similia,
1286 2280 1311 2318 et
1328 2282 1448 2332 propterea

163 2348 206 2392 as,
218 2330 317 2392 inversi,
328 2333 459 2380 velocitates
466 2342 545 2382 auum
553 2342 609 2382 sunt
619 2343 646 2382 ut
656 2332 731 2395 spatia
738 2347 790 2395 quas
823 2347 892 2379 arcus
904 2336 927 2378 A
941 2333 971 2387 B,
984 2335 1030 2385 ab,
1046 2331 1133 2378 similes
1143 2341 1167 2378 et
1176 2333 1282 2380 similiter
1291 2335 1336 2382 siti.
1372 2335 1448 2384 Simili

193 2421 196 2427 ·
824 2396 896 2442 modo
906 2395 1099 2441 demonstrabitur
1107 2395 1170 2455 quod
1186 2411 1280 2455 corpora
1296 2413 1310 2444 e
1321 2397 1377 2444 locis
1389 2400 1411 2447 B
1422 2409 1447 2448 et

822 2460 839 2506 b
857 2473 976 2520 progressa
994 2458 1081 2505 similes
1097 2472 1165 2504 arcus
1184 2471 1212 2504 ac
1237 2459 1344 2506 similiter
1360 2462 1447 2520 positos

822 2522 956 2574 describant,
968 2531 1038 2586 atque
1048 2521 1081 2567 ita
1091 2521 1205 2580 deinceps.
1239 2522 1379 2580 Describeut
1388 2525 1446 2587 ergo

820 2585 907 2648 ligures
917 2585 1003 2631 similes
1012 2583 1072 2631 circi
1082 2595 1162 2631 centra
1173 2584 1190 2631 S
1201 2594 1224 2631 et
1234 2599 1253 2632 s.
1285 2585 1332 2632 His
1342 2585 1396 2635 vesi
1404 2588 1445 2636 de·

818 2649 950 2695 monstratis
961 2656 1023 2710 patet
1039 2651 1104 2712 (196.
1120 2648 1172 2696 Lib.
1189 2648 1224 2706 1.)
1241 2648 1305 2710 quod
1315 2649 1446 2700 describent

819 2712 905 2759 similes
925 2723 949 2760 er
969 2710 1149 2773 proportionales
1174 2711 1189 2759 fi
1209 2727 1304 2760 orarum
1330 2713 1442 2765 similium

820 2786 897 2837 partes
904 2778 1046 2837 temporibus
1053 2728 1267 2837 proportionibus,
1275 2792 1446 2841 aequassem-²

818 2856 860 2903 per
867 2840 919 2897 sint
929 2851 956 2887 ut
967 2851 1069 2901 tempora
1080 2842 1103 2887 T
1113 2850 1137 2887 et
1146 2850 1164 2887 t

851 2904 888 2968 (¹)
901 2912 914 2934 ¹¹
929 2907 960 2952 Ot
971 2906 1150 2953 tmnstntionam
1155 2906 1335 2953 simidtudnem
1354 2906 1443 2954 Oriun-

818 2977 857 3015 tur
877 2967 942 3014 enim
964 2978 1096 3015 centrorum
1117 2967 1211 3014 illorum
1229 2969 1390 3017 translationes
1411 2986 1442 3018 ex

818 3031 1443 3153 ttinttttttttititit‘tttit

818 3156 1441 3285 tffittttittffitntttttffl

818 3295 881 3341 runt,
897 3284 1001 3333 similiter
1011 3296 1103 3347 quoqne
1112 3283 1221 3345 deinceps
1230 3286 1317 3333 moveri
1332 3297 1437 3350 pergant.

850 3349 885 3415 (7)
904 3352 917 3380 “
934 3352 1011 3411 Usque
1027 3351 1058 3397 sd
1077 3364 1186 3397 occursus
1206 3364 1258 3397 suos
1274 3352 1371 3411 primos,
1393 3354 1437 3398 &c

818 3413 882 3463 Nam
900 3411 956 3461 cum
971 3411 1137 3473 particularum
1148 3414 1376 3472 correspondentiam
1390 3414 1438 3461 dis·

817 3476 903 3530 untia
920 3486 972 3537 poss
981 3476 1069 3538 quevis
1077 3485 1181 3536 tempora
1190 3476 1375 3537 proportionalis,
1391 3478 1439 3525 sins

816 3551 908 3601 semper
918 3537 1008 3587 indata
1022 3538 1186 3587 diametrorum
1204 3539 1332 3587 rationein
1347 3539 1439 3587 duobus

815 3605 977 3665 syssesnatibus
988 3605 1027 3667 (ex
1038 3602 1122 3663 dem),
1139 3617 1231 3651 necesse
1241 3612 1276 3651 est
1286 3614 1314 3651 ut
1323 3603 1438 3651 dimntin

815 3666 1437 3793 mmmmm

815 3794 857 3843 ubi
874 3794 993 3855 pmuulae
1013 3794 1061 3841 itta
1081 3793 1209 3856 figurarum
1229 3792 1340 3840 similium
1361 3804 1437 3855 partes

815 3858 903 3907 ciuiles
912 3857 1088 3917 descripserunt.
1124 3856 1163 3903 Ex
1180 3871 1228 3917 quo
1246 3859 1350 3919 sequitur
1365 3859 1437 3919 parti.

815 3921 923 3969 cularum
938 3921 1032 3968 illarum
1050 3934 1160 3968 occursus
1174 3920 1260 3979 primos
1277 3921 1364 3968 similes
1378 3923 1435 3980 tore,

814 3993 868 4033 tum
877 3985 966 4033 ratim
975 3984 1138 4041 dbectionum,
1153 3983 1217 4045 quod
1228 3985 1279 4044 jam
1294 3985 1437 4033 demonstra-

814 4057 868 4095 tum
877 4059 919 4105 est,
930 4057 981 4096 nrm
991 4048 1061 4096 θείω
1071 4049 1161 4095 ratione
1171 4047 1320 4095 velocitatem
1329 4058 1353 4095 et
1361 4062 1436 4111 quun·

814 4111 908 4159 titutum
919 4110 1003 4159 motils.
1039 4110 1157 4172 Siquidem
1165 4108 1246 4169 ‘spatia
1255 4126 1362 4171 mcum
1377 4124 1436 4159 tem-

814 4176 910 4234 poribus
929 4174 1138 4237 proportionalibus
1158 4186 1214 4221 sunt
1234 4190 1324 4236 semper
1340 4176 1370 4221 in
1421 4175 1436 4223 i

509 4287 515 4297 ⁸
815 4238 912 4295 radone,
933 4236 1034 4300 ideaque
1053 4237 1184 4285 velocitates
1202 4238 1227 4283 in
1245 4239 1303 4286 locis
1322 4240 1436 4285 simiibus

157 4306 231 4361 §mul
248 4304 362 4365 descripta
371 4305 470 4353 fuissent
484 4303 509 4350 in
527 4312 638 4367 tangente
651 4306 673 4351 A
688 4305 718 4359 G,
736 4302 784 4361 ad,
816 4313 872 4350 sunt
886 4316 976 4363 semper
986 4301 1011 4348 in
1022 4301 1076 4348 data
1085 4302 1182 4357 ratione,
1197 4311 1222 4348 et
1231 4301 1285 4349 inde
1295 4305 1326 4350 ob
1336 4303 1436 4361 particu

162 4372 204 4416 erit
217 4370 269 4416 FG
281 4366 366 4423 adbd,
378 4368 436 4415 utA
448 4368 782 4425 G²><asadad²><Ad
816 4364 1437 4425 lsrnmcorsespondentiumsimilitndinemetdstsm

165 4433 209 4481 Sed
229 4436 281 4495 (per
299 4432 353 4478 Cor.
373 4438 394 4479 l.
414 4430 483 4478 Irem.
497 4432 560 4492 XI.)
581 4433 603 4479 B
616 4434 642 4479 D
653 4452 659 4478 s
676 4430 696 4478 F
709 4432 732 4478 G
749 4450 784 4477 =
815 4429 956 4477 densitatem
963 4429 1082 4482 udonem,
1090 4428 1230 4490 quantitates
1237 4428 1314 4475 motus
1320 4443 1374 4489 quse
1381 4439 1437 4475 sunt

164 4499 188 4543 A
200 4498 226 4543 D
237 4499 266 4542 ²:
283 4496 306 4541 A
320 4495 344 4541 G
355 4498 383 4553 ²3
398 4492 470 4557 qnare
486 4496 538 4557 (per
548 4496 736 4555 compositionem
747 4508 784 4551 rap
814 4502 842 4540 ut
853 4493 984 4541 velocitates
997 4501 1021 4539 et
1030 4491 1155 4539 densitates
1164 4501 1188 4539 et
1198 4492 1316 4539 volumina
1325 4492 1437 4553 conjunc·
1501 4520 1509 4539 t

162 4560 254 4607 tionum
265 4568 287 4606 et
298 4572 326 4605 ex
338 4558 417 4621 equo)
431 4555 498 4606 BDs
511 4558 598 4605 bd=
611 4560 634 4605 A
649 4559 696 4605 D²
710 4563 734 4614 ><
748 4572 784 4605 as
815 4556 865 4613 tim,
884 4556 910 4603 in
928 4556 986 4603 locis
1000 4555 1114 4603 similibus
1129 4554 1259 4603 manenrin
1270 4553 1324 4602 dati
1338 4557 1434 4603 mfione.

162 4622 245 4671 :ed²
259 4628 284 4679 ><
300 4624 322 4669 A
337 4624 360 4669 s
396 4620 458 4669 cum
477 4621 549 4682 igitur
566 4624 597 4668 ob
615 4622 785 4683 triangulorum
818 4619 966 4667 Bedesiones
985 4618 1057 4681 igitur
1077 4634 1130 4681 quse
1151 4634 1187 4665 ex.
1201 4618 1316 4679 ejusmodi
1336 4618 1439 4665 motibus

164 4688 187 4735 A
200 4687 260 4742 SD,
272 4702 286 4732 a
296 4700 309 4731 s
318 4685 342 4741 d,
353 4684 527 4732 similitudinem
540 4692 577 4748 (ex
591 4685 672 4747 Hyp.)
684 4685 713 4731 sit
726 4687 749 4732 A
759 4685 784 4733 D
816 4692 886 4745 stqrre
902 4683 1036 4733 occursibus
1053 4683 1167 4730 similibus
1188 4690 1330 4740 nascentum
1351 4682 1439 4731 sitniles

162 4749 306 4798 vsd=A
321 4744 501 4797 Stasetideb
517 4747 784 4807 AD²><ss=ssl²
816 4754 892 4797 munt

196 4832 258 4881 Vos.
273 4833 311 4880 11.
792 4830 819 4877 N
