3434 5500
479 871 681 961 INDEX
707 878 1204 963 PROPOSITIONUM

653 1104 782 1169 stant
807 1105 1023 1172 saeuum.
1057 1078 1060 1087 '
1141 1088 1146 1099 ’

779 1297 901 1319 m

328 1471 434 1521 enon.
455 1472 476 1520 1.
512 1472 650 1521 rnaoa
669 1472 692 1520 1.
773 1433 812 1473 '¹‘

202 1554 317 1617 Corporis,
328 1556 367 1603 cui
378 1556 490 1603 resistitur
498 1556 522 1603 in
530 1556 618 1603 mtione
625 1554 759 1613 velocitatis,

158 1669 161 1674 ,
232 1630 311 1666 motus
321 1635 349 1666 er
360 1618 490 1667 resistendi
499 1622 604 1677 amissus,
621 1631 656 1667 est
670 1629 697 1667 ut
707 1635 759 1680 spa·

232 1683 292 1731 uum
302 1683 420 1730 movendo
435 1684 567 1731 confectum
569 1716 758 1732 ..................
793 1687 822 1731 18

321 1789 424 1837 PROP.
441 1789 477 1836 11.
513 1788 650 1837 THEOR.
664 1788 702 1837 11.

202 1874 227 1921 si
238 1874 326 1933 corpori
337 1873 449 1919 resistitur
459 1872 485 1919 in
496 1873 584 1921 maone
592 1872 724 1930 velocitatis,
735 1882 760 1921 et

232 1937 296 1983 idern
313 1937 362 1982 soli
373 1936 396 1982 vi
407 1934 477 1982 insiti
487 1952 528 1996 per
537 1936 641 1983 medium
657 1936 759 1983 similare

232 2010 569 2056 moveatur,sumantnrautem
575 2010 759 2062 ternporaasqus·

195 2102 200 2112 .
233 2064 277 2111 lia:
296 2064 428 2110 velocitates
443 2064 468 2109 in
484 2062 603 2124 principiis
613 2063 759 2126 singulorum

232 2138 364 2187 temporum
380 2128 476 2174 suntin
492 2130 650 2189 progressione
665 2143 759 2190 geome-

232 2192 297 2244 trici,
318 2201 342 2237 et
359 2192 432 2250 spatia
447 2191 547 2251 singulis
561 2191 703 2251 temporibus
718 2191 758 2237 de-

232 2256 316 2315 scripta
331 2264 387 2301 sunt
397 2265 424 2301 ut
434 2254 566 2301 velocitates
567 2287 754 2302 ..................
762 2253 817 2302 ibid.

324 2357 429 2405 Pane.
446 2336 498 2404 tir.
535 2355 665 2404 esoni„
680 2356 702 2403 1.

204 2442 312 2503 Corporis
323 2442 369 2499 cui,
386 2441 444 2489 dum
460 2442 485 2488 in
500 2441 578 2489 medio
593 2442 688 2489 similari
698 2441 761 2489 recti

234 2507 337 2566 ascendit
353 2506 389 2552 vel
408 2506 534 2562 descendit,
553 2506 666 2553 mittitur
682 2506 707 2551 in
723 2520 760 2553 ra·

233 2574 299 2617 ttone
319 2570 451 2626 velocitatis,
473 2569 581 2633 quodque
601 2572 631 2618 ab
649 2569 761 2616 uniformi

894 1470 975 1533 prime
985 1469 1081 1530 inversi,
1098 1470 1205 1521 mittent
1220 1481 1295 1534 partes
1310 1482 1418 1521 motuum
1433 1436 1472 1477 P*

895 1536 1076 1597 proportionales
1092 1537 1152 1591 totis,
1169 1545 1193 1583 et
1203 1538 1276 1597 spatia
1291 1538 1419 1585 describent

895 1601 1036 1659 temporibus
1055 1600 1104 1647 istis
1119 1610 1143 1647 et
1164 1601 1322 1647 velocitatibns
1339 1602 1420 1662 primis

895 1663 1037 1726 conjunctim
1050 1664 1228 1724 proportionalia
1230 1696 1417 1714 ..................
1452 1670 1482 1713 ta

959 1764 1064 1813 PROP.
1078 1764 1157 1813 v111.
1192 1764 1328 1815 THEOR.
1344 1766 1391 1813 vt.

866 1849 891 1897 Si
901 1864 984 1909 corpus
994 1850 1018 1896 in
1029 1849 1107 1896 medio
1117 1850 1234 1907 uniformi,
1245 1850 1356 1912 gravitate
1366 1851 1420 1897 uni-

895 1912 1000 1960 formiter
1006 1913 1162 1976 agents‚rectd
1168 1914 1275 1961 ascendat
1283 1914 1317 1960 vel
1327 1914 1421 1961 descen·

895 1976 941 2033 dat,
959 1986 983 2025 et
992 1978 1093 2037 spatium
1103 1986 1180 2024 totum
1190 1977 1330 2037 descriptum
1340 1977 1422 2026 distin-

895 2050 982 2103 guatur
989 2041 1015 2087 in
1021 2049 1096 2101 partes
1104 2041 1210 2103 aquales,
1216 2042 1294 2105 ‚inque
1303 2042 1421 2103 principib

896 2104 1041 2166 singularum
1059 2104 1161 2165 partium
1181 2103 1299 2167 (addendo
1314 2107 1420 2151 resisten-

895 2169 951 2214 tiam
962 2168 1031 2215 medii
1040 2169 1070 2215 ad
1077 2169 1123 2215 vim
1134 2168 1258 2231 gravitatis,
1270 2169 1420 2230 quandoper-

895 2248 940 2290 pus
948 2232 1058 2287 ascendit,
1065 2233 1102 2279 vel
1110 2232 1261 2279 subducendo
1267 2234 1339 2292 Ipsam
1346 2248 1421 2294 quan·

896 2295 927 2341 do
937 2311 1020 2354 corpus
1035 2296 1164 2354 descendit)
1182 2297 1347 2357 investigentur
1363 2297 1421 2343 vires

896 2358 1009 2405 absolutae
1015 2376 1023 2415 ;
1041 2358 1094 2405 dico
1104 2358 1167 2419 quod
1178 2360 1238 2405 vires
1248 2358 1295 2405 itta
1311 2360 1422 2407 absolute

896 2431 951 2469 sunt
961 2420 986 2467 in
996 2423 1155 2484 progressione
1165 2420 1311 2484 geometrici.
1315 2454 1419 2472 ..........

968 2530 1069 2581 PROP.
1085 2530 1134 2579 1x.
1171 2531 1306 2579 THEOR.
1321 2530 1384 2579 VII.

234 2636 347 2698 gravitate
357 2643 461 2696 urgetur,
477 2633 573 2681 definite
583 2642 682 2681 motum.
685 2664 757 2681 .......
793 2635 823 2681 15
867 2614 951 2663 P⁰⁸lfi⁵
959 2616 1008 2678 lm
1019 2616 1185 2671 demumst&
1203 2616 1256 2665 (¹5⁰⁰
1266 2616 1329 2679 quod
1339 2616 1358 2663 ‘l
1369 2627 1421 2665 2⁸¹¹·

321 2736 425 2787 PROP.
441 2736 488 2786 lv.
524 2735 653 2787 PROBL.
670 2735 708 2786 II.

207 2824 288 2872 Posito
303 2824 367 2886 quod
383 2823 417 2871 vis
432 2822 549 2885 gravitatis
560 2820 585 2868 in
595 2820 673 2869 madio
683 2821 761 2883 aliquo

237 2889 332 2935 similari
344 2887 466 2935 uniformis
476 2887 512 2942 sit,
521 2902 548 2932 ac
554 2885 633 2932 tendat
640 2883 762 2944 perpendi·

236 2952 344 3000 solariter
358 2950 495 3010 adplenum
511 2949 649 3006 horisontis;
665 2949 762 2996 definire

236 3025 328 3062 motum
343 3014 466 3078 projectilis
476 3015 501 3060 in
511 3013 594 3060 eodem
609 3013 760 3059 resistentiam

237 3080 351 3126 velocitati
362 3077 555 3139 proportionalem
571 3077 685 3138 patientis.
686 3108 760 3126 .......
793 3080 822 3124 21

321 3182 425 3230 PROP.
441 3181 470 3228 V.
506 3182 641 3230 THEOR.
657 3181 711 3231 111.

209 3269 234 3318 Si
250 3268 341 3329 corpori
360 3267 472 3314 resistitur
490 3267 515 3313 in
533 3266 659 3314 velocitatis
674 3266 763 3313 ratione

238 3332 363 3394 duplicati,
380 3341 404 3380 et
414 3331 476 3378 idem
492 3330 541 3378 soli
551 3332 574 3377 vi
582 3331 652 3378 insiti
661 3346 703 3392 per
712 3345 762 3376 me-

238 3398 304 3444 dium
323 3393 423 3442 similare
438 3405 571 3452 moveatur;
589 3391 762 3454 temperarem

238 3472 360 3507 sumantur
377 3458 403 3505 in
422 3460 579 3522 progressione
595 3457 734 3520 geometrici
748 3473 763 3504 a

239 3525 366 3571 minoribus
376 3523 480 3570 terminis
489 3521 519 3568 sd
530 3525 627 3584 maJ'ores
638 3532 759 3584 pergente:

239 3587 291 3635 dico
307 3587 371 3651 quod
388 3587 519 3634 velocitates
536 3586 603 3633 initio
617 3586 763 3648 singulorum

239 3660 370 3712 temporum
389 3661 443 3698 sunt
462 3651 487 3697 in
503 3649 584 3697 eidem
606 3651 763 3712 progressione

239 3713 379 3778 geometrici
390 3713 484 3768 inverse,
505 3724 529 3762 et
543 3713 607 3776 quod
621 3714 695 3773 spetIa
710 3723 765 3760 sunt

240 3779 344 3841 nequalia,
355 3795 408 3842 quse
419 3778 518 3840 singulis
528 3779 669 3838 temporibus
680 3776 764 3824 deseri.

238 3845 339 3892 bunturs
343 3874 763 3893 ........................................
796 3844 827 3889 37

314 3951 418 4002 PROP.
434 3951 481 3998 VI.
517 3949 654 3998 Tnaott.
668 3948 713 3997 1v.

209 4034 574 4096 Corporaspbmricnhomogenea
584 4041 608 4080 et
617 4032 722 4093 aequalia,
728 4047 764 4078 re-

239 4100 347 4147 sistentia
357 4101 383 4144 iu
391 4095 509 4158 duplicati
519 4099 608 4144 ratione
617 4097 766 4142 velocitatem

240 4163 351 4223 impedita
366 4171 390 4208 et
407 4160 463 4207 solis
477 4161 564 4208 vin'bus
579 4159 653 4207 insitis
663 4160 764 4216 incitata,

239 4226 444 4288 temporibusque
455 4235 509 4272 suut
520 4223 634 4285 reciproce
645 4233 672 4271 ut
682 4223 767 4270 veloci·

238 4293 347 4338 tatessub
358 4290 432 4345 initio,
445 4289 578 4336 describunt
588 4303 678 4348 semper
688 4302 766 4349 tequa-

239 4355 270 4402 lia
281 4356 362 4415 spatia,
379 4365 402 4400 et
412 4353 523 4400 amittunt
532 4362 608 4412 partes
618 4351 767 4398 velocitatum

237 4417 420 4480 proportionales
427 4419 482 4463 totis
483 4447 765 4465 ...........................
799 4419 831 4461 st

319 4525 504 4575 Pitonvtt.
540 4523 675 4572 THEOR
688 4523 719 4572 V.
796 4552 798 4557 ·

209 4610 312 4671 Corpora
319 4614 430 4671 sphaerica
437 4611 522 4672 quibus
532 4609 642 4656 resistitur
653 4610 678 4655 in
689 4607 766 4668 dupli·

238 4673 291 4720 cati
299 4677 386 4722 ratione
394 4675 550 4728 velocitatem,
562 4675 706 4732 temporibus
714 4687 767 4733 quae

238 4749 295 4786 sum
306 4749 333 4785 ut
342 4749 421 4786 motus
431 4739 499 4801 primi
510 4736 596 4784 directe
604 4747 627 4784 et
633 4736 767 4784 maenaa

896 2688 976 2743 gentes
995 2680 1135 2742 angulorum
1154 2682 1247 2727 sectoris
1265 2681 1382 2728 circularis
1397 2691 1422 2727 et

896 2745 989 2792 sectoris
1003 2744 1143 2806 lryperbolici
1156 2755 1278 2792 sumantur
1296 2744 1422 2792 velocitati·

897 2811 941 2864 bus
951 2809 1139 2868 proportionales,
1156 2809 1269 2856 existente
1280 2810 1344 2857 radio
1351 2809 1422 2871 juste

897 2871 1078 2934 magnitudinis:
1098 2872 1141 2920 erit
1160 2882 1252 2934 tempus
1263 2888 1332 2920 omne
1342 2888 1422 2920 ascen·

898 2935 970 2982 dendi
985 2936 1016 2982 ad
1032 2936 1110 2982 locum
1126 2951 1246 2984 summum
1256 2946 1284 2984 ut
1294 2947 1368 2984 sector
1378 2936 1422 2982 cir-

898 2999 953 3055 culi,
968 3009 991 3046 et
1002 3010 1094 3059 tempus
1103 3015 1173 3047 omne
1183 2999 1335 3048 descendendi
1346 3016 1361 3047 a
1371 2999 1423 3046 loco

898 3078 990 3110 summo
1000 3073 1027 3110 ut
1037 3072 1110 3110 sector
1120 3063 1250 3125 hyperbole
1249 3095 1406 3114 ...............
1410 3096 1418 3124 ,
1450 3068 1483 3114 ta

986 3167 1135 3237 saona.
1171 3168 1300 3218 ranan
1316 3167 1369 3217 111.

869 3250 962 3300 Tendat
976 3251 1099 3299 uniformis
1114 3252 1153 3300 vis'
1163 3253 1280 3316 gravitatis
1290 3251 1377 3300 directe
1392 3251 1423 3300 ad

898 3316 995 3376 planum
1012 3316 1143 3375 horizontis,
1161 3319 1235 3380 sitque
1250 3317 1378 3364 resistentia
1393 3325 1421 3364 ut

898 3379 970 3426 medii
986 3378 1086 3427 densitas
1100 3392 1124 3427 et
1139 3381 1277 3443 quadratum
1297 3380 1422 3428 velocitatis

899 3443 1055 3505 conjunctim:
1076 3444 1201 3506 requiritur
1216 3455 1268 3492 tum
1283 3442 1354 3490 medii
1364 3443 1422 3490 den·

900 3507 954 3554 sitas
969 3506 994 3552 in
1004 3507 1061 3554 'locis
1070 3508 1175 3571 singulis,
1192 3524 1245 3571 qua)
1255 3509 1324 3556 faciat
1332 3517 1361 3565 ,ut
1370 3522 1421 3554 cor-

899 3586 943 3632 pus
953 3570 978 3616 in
989 3568 1043 3618 datii
1051 3571 1197 3632 quivislinei
1208 3571 1279 3620 curvi
1288 3581 1420 3630 moveatur;

899 3643 952 3708 tunp
962 3635 1063 3695 corporis
1078 3636 1185 3684 velocitas
1195 3646 1219 3684 et
1229 3634 1300 3682 medii
1316 3635 1423 3681 resisten-

899 3698 1032 3746 tiamlocia
1042 3699 1146 3762 singulis
1152 3729 1422 3750 ..........................
1454 3704 1486 3747 68

959 3815 1061 3864 PROP.
1076 3815 1126 3864 XI.
1161 3815 1297 3865 Tirsos
1313 3815 1392 3864 vtn.

871 3898 896 3948 Si
903 3901 992 3960 corpori
999 3900 1117 3956 resistitur,
1124 3899 1207 3960 partim
1214 3899 1239 3946 in
1247 3899 1334 3946 ratione
1341 3897 1424 3946 veloci·

900 3963 960 4021 tatis,
970 3964 1083 4024 partimin
1092 3963 1218 4010 velocitatis
1223 3965 1311 4012 ratione
1318 3961 1424 4022 duplica·

901 4027 932 4084 tsi,
941 4039 965 4075 et
971 4028 1033 4075 idem
1041 4027 1090 4074 soli
1097 4027 1119 4074 vi
1129 4027 1196 4074 insitii
1206 4027 1231 4073 in
1241 4026 1319 4072 medio
1329 4024 1425 4072 similari

901 4102 1021 4140 moretur:
1045 4099 1167 4138 sumantur
1182 4101 1261 4138 autem
1276 4098 1380 4149 tempora
1399 4089 1425 4135 in

901 4154 1059 4217 progressione
1069 4153 1223 4202 arithmetici:
1237 4153 1375 4216 quantitates
1386 4167 1426 4199 ve·

901 4218 1030 4266 locitatibus
1041 4217 1156 4278 reciproce
1166 4217 1354 4279 proportionales,
1372 4215 1427 4264 dett

901 4281 1001 4345 quisdam
1017 4283 1144 4345 quantitate
1158 4291 1240 4340 aucta,
1259 4290 1328 4329 erunt
1338 4281 1362 4326 in
1373 4295 1425 4342 pro·

901 4347 1017 4409 gressione
1033 4345 1171 4409 geometrici
1174 4377 1425 4394 ........................
1458 4347 1489 4391 94

968 4457 1071 4505 PROP.
1086 4456 1153 4504 XII.
1189 4455 1325 4504 THEOR.
1341 4455 1390 4502 IX.

872 4542 960 4594 Iisdem
971 4542 1057 4604 positis,
1069 4541 1121 4589 dico
1131 4539 1194 4604 qudd
1204 4541 1223 4588 si
1234 4540 1305 4601 spatia
1315 4539 1427 4598 descripta
1502 4551 1506 4560 ·

903 4617 1025 4655 sumantur
1044 4609 1069 4652 in
1094 4604 1251 4668 progressione
1277 4604 1425 4656 arimmetici,

904 4672 1034 4718 velocitates
1044 4669 1098 4717 datia
1108 4669 1208 4732 quidam
1219 4668 1346 4731 quantitate
1353 4679 1428 4714 anctae

903 4746 971 4784 erunt
981 4735 1006 4782 in
1020 4733 1178 4798 progressione
1194 4729 1333 4797 geometrici
1335 4763 1427 4779 .........
1461 4733 1492 4777 96
