3434 5500
256 428 320 484 818
516 351 520 371 ¹
583 414 926 481 PHILOSOPHIAE
949 414 1221 481 NATURALIS
1266 413 1377 517 [Mor.
1394 414 1547 485 Conrou.

257 596 296 657 17
325 600 358 652 et
391 597 441 665 18,
479 586 688 650 describentes
723 573 920 649 altitudinem
956 583 1073 669 pedum
1109 582 1287 669 quindecim
1316 596 1349 647 et
1377 582 1548 670 digitorum

256 695 401 758 duorum.

298 803 361 866 Per
391 799 546 864 theoriam
577 800 689 865 cadere
721 800 898 865 debuemnt
927 812 1069 884 tempore
1102 798 1331 865 oscillationum
1365 808 1405 865 15
1436 822 1546 885 quum-

252 912 407 997 proxime.
450 974 454 979 .
1468 905 1473 911 ’

296 1022 411 1102 Erpa.
428 1024 459 1085 7.
505 1015 602 1080 Globi
625 1028 759 1101 quatuor
779 1016 921 1102 pondere
939 1020 1022 1097 293}
1037 1038 1126 1103 gran.
1141 1016 1175 1080 in
1189 1018 1262 1080 aie're
1277 1026 1310 1079 et
1325 1020 1385 1098 35}
1400 1038 1490 1102 gran.
1513 1017 1547 1081 iu

255 1125 335 1210 aqui
349 1146 433 1208 saepe
448 1123 585 1199 demissi,
609 1122 763 1187 cadebant
783 1135 925 1207 tempore
940 1123 1168 1189 oscillationum
1183 1126 1257 1203 391,
1275 1130 1326 1199 30,
1344 1126 1416 1204 301,
1434 1132 1486 1201 31,
1503 1131 1545 1188 32

258 1247 291 1297 et
312 1242 364 1311 33,
388 1232 599 1297 describentes
625 1232 820 1297 altitudinem
845 1232 964 1315 pedum
987 1232 1165 1319 quindecim
1190 1243 1223 1297 et
1245 1231 1335 1320 digiti
1361 1232 1451 1297 unius
1474 1254 1548 1299 cum

255 1341 394 1405 semissc.

211 1509 215 1521 .
299 1452 362 1517 Per
391 1448 546 1513 theoriam
578 1446 690 1511 cadere
720 1447 897 1511 debuerunt
929 1457 1071 1529 tempore
1103 1445 1331 1511 oscillationum
1361 1454 1402 1511 28
1438 1469 1546 1533 quam·

256 1557 410 1647 proxime.

300 1668 437 1732 Causam
451 1663 666 1750 investigando
681 1682 737 1727 cur
750 1648 928 1749 globorum}
943 1663 1082 1748 ejusdem
1097 1663 1245 1747 ponderis
1264 1676 1298 1729 et
1311 1664 1547 1752 magnitudinis,

256 1778 353 1863 aliqui
369 1777 458 1839 citius
474 1774 526 1839 alii
541 1773 660 1838 tardius
682 1773 838 1851 caderent,
862 1773 895 1835 in
910 1772 993 1837 hanc
1007 1772 1120 1847 incidi3
1143 1773 1228 1858 quod
1242 1773 1329 1860 globi
1344 1774 1399 1838 ubi
1412 1774 1550 1857 primum

256 1888 501 1952 demittebantur
515 1896 547 1949 et
561 1884 672 1949 cudere
686 1883 887 1967 incipiebant,
912 1883 1090 1947 oscillarent
1105 1880 1222 1945 circum
1244 1894 1361 1960 centra,
1385 1882 1481 1947 latere
1495 1883 1551 1946 illo

256 1994 342 2078 quod
355 1992 436 2057 forte
449 1990 575 2079 gravius
589 2002 671 2055 esset
684 1990 822 2073 primum
831 1988 1056 2066 descendente,
1078 2000 1110 2053 et
1124 2002 1244 2053 motum
1259 1989 1481 2056 oscillatorium
1495 2013 1550 2077 ge·

257 2112 397 2165 nerante.
443 2097 528 2161 Nam
541 2118 599 2181 per
613 2096 821 2159 oscillationes
843 2118 915 2158 suas
931 2096 1042 2181 globus
1064 2097 1214 2181 majorem
1235 2110 1356 2162 motum
1378 2100 1553 2163 communi·

258 2221 308 2271 cat
330 2230 429 2294 aquae,
457 2193 551 2293 quam
574 2206 600 2269 si
623 2205 689 2269 sine
710 2203 958 2267 oscillationibus
980 2202 1203 2280 descenderem
1230 2218 1261 2270 et
1279 2208 1549 2286 communicando,

187 2322 191 2328 '
259 2315 371 2379 anrittit
391 2325 513 2398 partem
535 2310 644 2396 motus·
658 2310 779 2396 proprii
793 2332 856 2396 quo
877 2310 1068 2375 descendere
1082 2311 1227 2377 deberet:
1249 2325 1281 2378 et
1293 2335 1353 2397 pro
1368 2316 1487 2399 majore
1501 2315 1551 2379 vel

259 2421 380 2484 minore
390 2419 592 2495 oscillatione,
609 2417 709 2505 magis
723 2416 773 2480 vel
784 2415 888 2479 minus
902 2415 1087 2481 retardatur.
1123 2416 1302 2492 Quinetiam
1314 2402 1427 2505 globus
1442 2419 1553 2485 recidit

259 2550 410 2613 sempera
419 2528 516 2591 latere
531 2548 588 2589 suo
602 2524 687 2609 quod
702 2544 760 2608 per
774 2522 998 2587 oscillationem
1013 2522 1184 2600 descendit,
1201 2537 1231 2587 et
1246 2525 1423 2590 recedendo
1437 2549 1553 2613 appro-

258 2642 391 2726 pinquat
404 2639 552 2702 lateribus
561 2636 642 2706 vasis
651 2646 683 2699 et
696 2636 730 2698 in
743 2634 842 2715 latera
854 2654 1080 2721 nonuunquam
1094 2632 1286 2720 impingitur.
1320 2634 1363 2700 Et
1377 2635 1446 2699 baec
1461 2638 1552 2701 oscil.

259 2747 334 2811 latio
349 2746 382 2810 in
396 2746 498 2833 globis
519 2743 714 2832 gravioribus
735 2740 845 2806 fortior
866 2754 923 2820 est,
945 2741 978 2805 in
1000 2741 1169 2827 majoribus
1189 2765 1302 2829 aquam
1323 2746 1422 2832 magis
1444 2747 1551 2835 agitat.

261 2855 473 2940 Quipropter,
500 2865 536 2917 ut
557 2851 709 2916 oscillatio
732 2851 900 2939 globorum
917 2851 1020 2914 minor
1040 2851 1233 2929 redderetur,
1261 2853 1373 2938 globos
1392 2875 1490 2918 novos
1513 2877 1554 2919 ex

260 2965 332 3030 cerri
358 2977 389 3028 et
410 2962 542 3047 plumbo
565 2959 735 3036 construxi,
766 2958 927 3046 infigendo
953 2959 1118 3042 plumbum
1137 2959 1177 3022 <in
1202 2959 1283 3023 latus
1309 2959 1437 3044 aliquod
1465 2960 1554 3048 globi

260 3093 360 3157 prope
374 3069 572 3153 superficiem
587 3069 671 3152 ejus3
685 3079 716 3130 et
730 3065 860 3152 globum
874 3065 918 3128 ita
933 3064 1054 3142 demisi,
1071 3077 1106 3128 ut
1119 3064 1200 3128 latus
1215 3065 1353 3151 gravius,
1368 3069 1554 3150 quoaofieri

261 3179 373 3265 potuit,
400 3187 482 3241 esset
506 3175 648 3239 infimum
670 3173 711 3237 ab
730 3173 820 3236 initio
840 3172 1019 3236 descensus.
1067 3171 1119 3236 sic
1143 3171 1351 3258 oscillationes
1369 3171 1460 3236 sactae
1482 3189 1554 3237 sunt

263 3289 362 3352 multo
376 3287 512 3350 minores
528 3306 622 3371 quam
636 3283 734 3369 prius,
750 3294 783 3345 et
796 3282 883 3369 globi
898 3282 1208 3375 temporibusuminus
1219 3281 1424 3368 inaequalibus
1433 3283 1554 3348 cecide·

264 3411 346 3475 runt,
362 3409 399 3461 ut
413 3397 446 3459 in
460 3394 683 3478 experimentis
699 3391 908 3478 sequentibus.

306 3513 423 3591 Eaper.
440 3517 470 3571 8.
503 3503 601 3570 Globi
616 3515 759 3589 quatuor,
774 3501 915 3585 pondere
930 3521 1099 3588 granorrun
1111 3509 1171 3567 139
1181 3501 1214 3564 in
1229 3503 1301 3565 a‘e‘re
1315 3514 1347 3566 et
1361 3505 1400 3584 61
1418 3503 1450 3565 in
1462 3503 1554 3589 aqui,

265 3643 348 3706 saepe
363 3618 498 3696 demissi,
515 3615 694 3680 ceciderunt
708 3614 901 3698 temporibus
917 3611 1145 3675 oscillationum
1159 3633 1224 3674 non
1238 3611 1376 3697 plurium
1390 3634 1485 3698 quam
1500 3623 1554 3693 52,

266 3753 329 3794 non
343 3729 525 3814 pauciorum
547 3747 642 3812 quam
665 3733 716 3800 50,
741 3735 773 3786 et
793 3721 930 3786 maximi
945 3733 1088 3805 exparte
1103 3731 1244 3804 tempore
1263 3720 1490 3795 oscillationum
1513 3731 1551 3787 51

267 3840 397 3914 circiter,
413 3836 623 3901 describentes
639 3833 833 3898 altitudinem
848 3831 1019 3920 digitorum
1037 3839 1108 3896 183.

312 3946 374 4009 Per
389 3944 540 4008 theoriam
556 3941 668 4004 cadere
683 3939 859 4005 debuerunt
876 3951 1016 4021 tempore
1032 3937 1261 4002 oscillationum
1277 3945 1319 4004 52
1334 3936 1467 4002 circiter.

309 4056 425 4137 Erper.
441 4061 471 4116 9.
502 4049 600 4115 Globi
622 4059 764 4134 quatuor,
791 4044 933 4128 pondere
954 4065 1124 4130 granorum
1139 4043 1223 4121 273}
1237 4045 1269 4106 in
1284 4047 1356 4108 a'ere
1371 4059 1402 4108 et
1420 4043 1500 4120 140}
1523 4042 1558 4106 in

267 4157 358 4245 aquai,
383 4157 495 4240 saepius
515 4154 651 4232 demissi,
679 4152 859 4218 ceciderunt
880 4151 1073 4236 temporibus
1095 4152 1322 4216 oscillationum
1342 4174 1408 4215 non
1429 4151 1559 4237 paucio-

267 4288 339 4331 rum
352 4285 450 4350 ,quam
466 4270 517 4340 12,
533 4284 601 4325 non·
612 4261 750 4346 plurium
765 4280 859 4345 quam
879 4267 930 4333 13,
946 4257 1156 4322 describentes
1171 4258 1366 4322 altitudinem
1388 4258 1561 4346 digitorum

271 4382 343 4440 182.

312 4481 375 4545 Per
396 4476 548 4544 theoriam
571 4461 646 4540 verb
666 4476 701 4539 hi
722 4476 808 4563 globi
831 4476 943 4542 cadere
966 4473 1141 4539 debuerunt
1166 4485 1306 4558 tempore
1332 4475 1561 4542 oscillationum

272 4587 331 4664 Ill
347 4582 594 4672 quamproxime.
1202 4595 1205 4604 '

313 4695 428 4774 Exper.
448 4701 496 4756 10.
530 4690 636 4776 (110δί-
648 4703 790 4774 quatuor,
813 4689 953 4774 pondere
975 4711 1145 4776 granorum
1161 4700 1222 4754 384
1239 4692 1271 4754 in
1286 4694 1357 4758 aare
1372 4703 1403 4756 et
1421 4696 1500 4773 1191
1525 4691 1563 4754 in
