3434 5500
242 456 306 515 aar
565 448 909 520 rnruosornrm
929 398 1201 514 urrunnun
1255 447 1533 527 [noemma

240 646 312 687 rum
327 624 360 686 in
375 623 493 687 scholio
508 623 562 687 illo
577 624 726 708 exposita,
749 625 861 710 globus
877 624 1015 708 ejusdem
1030 623 1190 687 densitatis
1206 644 1277 687 cum
1297 622 1389 711 aqud,
1415 624 1533 687 descri-

186 797 188 804 ,
240 732 346 796 bendo
366 732 595 820 longitudinem
617 734 853 797 semi-diametri
876 754 941 797 suae
963 733 996 796 in
1018 735 1099 809 aere,
1124 731 1267 796 emittere
1286 731 1416 797 deberet
1429 732 1533 797 monis

240 843 289 905 sui
303 855 424 927 partem
438 846 529 925 5¹43.
573 846 618 908 At
631 865 689 929 per
703 843 857 908 theoriam
871 842 904 905 in
918 842 979 907 hale
994 840 1124 927 septimi
1142 842 1287 907 Sectione
1305 843 1478 925 expositam
1500 856 1533 907 et

239 952 461 1035 experimentis
483 951 660 1015 cadentium
686 952 912 1028 continuatam,
935 950 1049 1037 globus
1070 948 1154 1013 idem
1174 947 1380 1013 describendo
1393 948 1533 1035 longitu-

238 1059 345 1123 dinem
360 1060 501 1139 eandem,
517 1060 556 1145 (ι)
570 1040 717 1124 amittere⁴
726 1060 854 1125 deberet
868 1058 971 1123 metris
987 1058 1035 1123 sui
1049 1069 1171 1141 partem
1185 1055 1308 1121 tannim
1321 1058 1410 1137 τὴς,
1426 1058 1533 1141 posito

213 1229 214 1233 ,
239 1165 324 1249 quod
339 1165 476 1232 densitas
491 1187 582 1252 aquae
595 1167 635 1229 sit
648 1167 690 1230 ad
704 1166 889 1231 densitatem
901 1166 980 1229 aeris
995 1175 1031 1229 ut
1046 1174 1109 1230 860
1125 1162 1165 1227 ad
1182 1172 1211 1225 1.
1258 1162 1455 1226 Resistentiae
1471 1163 1532 1249 igi-

239 1285 291 1336 tur
304 1295 362 1357 per
376 1276 590 1358 experimenta
603 1274 812 1359 pendulorum
826 1276 959 1361 majores
970 1274 1116 1359 prodiere
1131 1267 1186 1358 (ob
1198 1297 1306 1339 causas
1316 1276 1384 1359 jam
1393 1273 1530 1357 descrip-

238 1385 299 1464 tas)
323 1383 418 1469 quam
432 1407 490 1469 per
504 1387 718 1470 experimenta
739 1387 905 1475 globorum
921 1386 1108 1465 cedentium,
1125 1386 1219 1472 idque
1234 1386 1267 1449 in
1282 1385 1404 1450 ratione
1418 1394 1437 1449 4
1453 1384 1492 1448 ad
1509 1394 1528 1449 3

238 1492 371 1557 circiter.
417 1495 565 1560 Attamen
581 1492 654 1560 erim
672 1496 884 1580 pendulorum
898 1496 931 1559 in
946 1497 1028 1571 aiire,
1052 1493 1133 1581 aqui
1148 1506 1180 1559 et
1193 1504 1324 1581 argento
1346 1494 1417 1557 vivo
1438 1492 1530 1557 oscil-

161 1582 163 1590 ’
236 1601 371 1665 lautium
385 1604 569 1668 resistentiae
584 1628 604 1668 a
618 1605 719 1669 causis
734 1605 886 1669 similibus
901 1603 1041 1667 similiter
1055 1615 1237 1691 augeantur,
1260 1602 1422 1688 proportio
1436 1600 1530 1666 resis‘-

235 1711 406 1775 tentiarum
419 1712 452 1776 in
469 1713 516 1777 his
530 1713 651 1792 mediis,
669 1728 733 1780 tam
747 1737 805 1799 per
820 1714 1034 1798 experimenta
1047 1713 1267 1797 pendulorum,
1292 1710 1392 1798 quaim
1401 1734 1457 1797 per
1472 1734 1530 1775 ex-

155 1856 158 1865 2
234 1816 411 1903 perimente
424 1841 592 1903 corporum
607 1814 794 1899 cadentium,
812 1822 886 1884 satis
901 1820 984 1884 recte
1000 1820 1208 1884 exhibebitur.
1242 1820 1286 1903 Et
1296 1821 1371 1884 inde
1382 1820 1528 1883 concludi

230 1932 340 2007 ⁴'potest
355 1925 439 2010 quod
461 1949 629 2011 corporum
650 1928 684 1990 in
704 1928 808 1991 fluidis
830 1927 1067 2013 quibuscunque
1088 1926 1278 1991 fluidissimis
1298 1938 1456 1990 motorum
1476 1947 1530 1990 re·

234 2030 395 2110 sistendae,
411 2034 532 2097 caeteris
546 2034 683 2117 paribus,
701 2046 774 2098 sunt
787 2046 823 2097 ut
838 2034 1005 2097 densitates
1019 2032 1198 2096 fluidorum.

281 2137 315 2223 (¹)
333 2139 397 2202 His
411 2140 454 2202 ita
469 2139 621 2217 stabilitis,
638 2141 741 2204 dicere
750 2141 818 2226 jam
832 2140 905 2205 licet
916 2161 1082 2226 quenmam
1098 2139 1201 2203 monis
1216 2139 1264 2203 sui
1278 2157 1402 2223 partem
1415 2140 1528 2227 globus

235 2244 377 2331 quilibet,
401 2244 434 2308 in
460 2245 559 2309 fluido
583 2268 768 2333 quocunque
793 2248 962 2332 projectus,
993 2246 1069 2310 dato
1099 2258 1241 2331 tempore
1270 2246 1390 2313 amittet
1419 2269 1530 2335 quam·

234 2352 389 2437 proxime.
435 2354 483 2419 Sit
498 2354 532 2418 D
547 2355 699 2419 diameter
711 2355 808 2443 globi,
832 2367 864 2419 et
880 2356 911 2417 V
925 2353 1071 2419 velocitas
1087 2359 1153 2441 ejus
1169 2357 1228 2420 sub
1248 2356 1337 2420 initio
1359 2370 1472 2435 motus,
1496 2367 1529 2425 et

236 2460 270 2525 T
284 2472 418 2544 tempus,
435 2483 498 2547 quo
513 2462 626 2549 globus
639 2464 807 2528 velocitate
821 2463 852 2524 V
866 2461 900 2523 in
914 2482 1013 2525 vacuo
1035 2462 1191 2527 describet
1213 2463 1358 2547 spathan,
1381 2465 1466 2549 quod
1488 2464 1530 2527 sit

234 2567 277 2632 ad
292 2568 426 2653 spatium
440 2570 461 2649 ξ
476 2568 510 2632 D
526 2582 561 2632 ut
574 2568 712 2633 densitas
725 2569 813 2657 globi
827 2567 868 2631 ad
882 2566 1068 2633 densitatem
1082 2568 1187 2634 fluidi:
1209 2581 1241 2633 et
1254 2569 1367 2656 globus
1382 2570 1416 2632 in
1429 2569 1529 2633 fluido

233 2712 291 2777 illo
304 2714 473 2798 projectus,
490 2726 631 2800 tempore
645 2715 756 2802 quovis
770 2713 832 2780 alio
847 2726 861 2780 t
874 2714 995 2780 amittet
1009 2715 1178 2782 velocitatis
1193 2738 1259 2781 suae
1273 2728 1395 2802 partem
1412 2679 1527 2794 [L

1411 2782 1518 2857 T÷t

527 2867 605 2930 TV

234 2914 381 2968 manente
403 2915 493 2989 parte
508 2951 636 3045 W
652 2917 684 2971 et
698 2905 853 2972 describet
874 2907 1019 2993 spatium,
1043 2907 1128 2994 quod
1143 2909 1183 2972 sit
1197 2909 1237 2972 ad
1253 2909 1387 2993 spatium
1408 2906 1528 2971 unifor-

234 3079 280 3140 mi
302 3077 465 3144 velocitate
490 3080 522 3143 V
547 3080 659 3146 eodem
683 3094 826 3168 tempore
851 3083 1044 3168 descriptum
1068 3084 1102 3148 in
1124 3107 1233 3164 vacuo,
1259 3096 1295 3149 ut
1318 3083 1526 3172 logarithmua

232 3225 355 3288 numeri
371 3189 782 3354 'Eqssfmrrltiplicatusper
792 3254 958 3296 numerum
968 3239 1248 3310 2‚302585093est
1257 3232 1297 3297 ad
1306 3255 1470 3296 numerum
1481 3205 1525 3358 'i’

233 3416 291 3478 per
314 3395 421 3460 Corol.
439 3404 468 3466 7.
491 3399 587 3483 Prop.
603 3399 753 3465 XXXV.
798 3403 837 3466 In
863 3403 999 3466 motibus
1025 3403 1120 3468 tardis
1143 3404 1318 3469 resistentia
1334 3405 1435 3490 potest
1457 3425 1527 3468 esse

232 3505 329 3588 paulb
343 3506 454 3586 minor,
480 3510 526 3593 (¹¹¹)
542 3522 710 3593 propterea
731 3511 816 3597 quod
838 3512 941 3599 figura
960 3512 1048 3600 globi
1068 3512 1164 3597 pauld
1179 3515 1281 3599 aptior
1296 3513 1336 3578 sit
1350 3512 1390 3577 ad
1404 3525 1527 3577 motum

265 3699 455 3765 (¹³)*Amr‘ttere
470 3707 558 3753 deberet
569 3703 644 3754 metris
654 3683 793 3768 mipurtem
808 3717 864 3756 ton·
895 3703 949 3768 pta
975 3707 1058 3756 unisse
1084 3717 1188 3769 tempore
1209 3718 1220 3758 t
1243 3712 1294 3785 (per
1321 3709 1375 3756 Cor.
1400 3714 1423 3756 8.
1449 3707 1523 3768 Prop.

233 3780 285 3830 nlm
295 3769 383 3848 ΠῙΠ.
420 3781 455 3828 Sit
468 3781 492 3828 Ι)
504 3781 616 3829 diameter
625 3782 691 3844 globi
704 3784 789 3847 vejus
799 3785 863 3831 velo,
897 3771 1099 3848 ὶξΧὶιζἮΙΙ.)ὁ
1118 3774 1292 3836 Globusigrtur
1306 3770 1456 3821 describendo
1471 3771 1527 3818 lon-

233 3843 291 3892 ciias
312 3849 356 3893 sub
375 3844 442 3892 initio
458 3855 537 3893 motus
554 3847 580 3892 ῑῃ
597 3845 678 3904 fluido,
697 3848 863 3909 gpspssflum
894 3835 1027 3898 gnudmem
1042 3837 1383 3891 serm-diametrisuaeinaere,
1400 3850 1441 3896 per
1456 3836 1526 3882 theo·

232 3925 295 3987 quod
307 3926 338 3973 ait
348 3925 378 3972 ad
388 3910 409 3988 ξ
421 3925 446 3972 D
457 3934 486 3972 ut
496 3925 597 3972 densitas
607 3925 672 3988 globi
683 3927 713 3972 ad
724 3926 864 3974 densitatem
895 3901 954 3946 fiam
964 3901 989 3948 in
1000 3901 1043 3948 ¹¹⁸⁰
1054 3901 1152 3962 “plima
1163 3902 1270 3950 semime
1281 3901 1408 3963 “Imm
1418 3899 1525 3948 “milwe

232 3989 299 4043 a'e'ris,
317 3991 361 4036 hoc
378 3999 420 4046 est,
437 3999 466 4036 ut
484 3995 532 4038 860
548 3989 578 4036 ad
596 3995 618 4047 1,
637 3988 737 4052 ideoque
755 3997 771 4038 2
789 3990 810 4038 F
827 4011 864 4039 =
895 4001 964 4052 debet
974 4003 1052 4051 motas
1063 4005 1099 4051 sui
1110 4015 1199 4066 partem
1211 3972 1283 4092 sl...

233 4058 298 4179 §6389
310 4092 351 4151 1³3
368 4090 398 4138 ⁸1²
410 4091 433 4139 Τ
442 4101 536 4181 tempus
545 4107 594 4156 quo
604 4086 689 4156 globus
704 4107 760 4140 cum
775 4093 862 4142 veloci·
927 4109 963 4172 (ι).
972 4112 986 4140 s
999 4111 1045 4156 Ha
1055 4111 1087 4156 p„
1099 4111 1209 4167 stabilitis,
1225 4051 1300 4159 ἔξω
1308 4109 1364 4170 jam
1378 4111 1428 4158 ticet
1438 4123 1527 4171 qaam-

232 4204 281 4243 me
297 4195 323 4242 v
337 4193 485 4243 uniformia„
500 4193 671 4260 progrediendo
686 4195 795 4245 describit
810 4214 862 4259 spa·
894 4187 952 4220 nam
963 4171 1037 4222 nwttis
1047 4176 1085 4222 sui
1094 4183 1188 4250 partem
1202 4176 1392 4254 gloqusquiliqet,
1409 4175 1433 4221 in
1442 4174 1526 4236 fluido

232 4261 294 4307 rium
308 4265 324 4308 2
337 4259 366 4316 F,
382 4269 407 4306 at
416 4267 427 4306 t
436 4269 530 4319 tempus
539 4275 588 4322 quo
598 4257 680 4306 efflet„
696 4261 808 4308 uniformi
824 4277 862 4310 ve·
894 4253 1039 4300 quocumque
1047 4249 1163 4300 projectus
1173 4247 1197 4285 et
1207 4239 1257 4286 sola
1265 4254 1287 4285 vr
1295 4249 1366 4284 uisne
1373 4246 1458 4292 motus,
1470 4238 1526 4283 dato

232 4325 326 4372 loeium
336 4323 445 4371 describit
460 4323 591 4388 ,paqumq
605 4323 645 4382 D3
662 4334 686 4372 et
696 4324 740 4372 erit
750 4335 778 4374 t:
794 4326 862 4374 T:
895 4309 994 4362 tempure
1004 4304 1093 4376 omittet
1105 4321 1182 4378 ⁸quam
1193 4301 1318 4378 prqrinrqa
1330 4301 1445 4374 theoriam
1459 4299 1528 4374 euim

318 4393 384 4436 5330
895 4378 951 4411 eum
961 4375 1124 4426 experimentis
1134 4377 1264 4415 consentire
1272 4367 1372 4413 vidimus
1379 4373 1429 4412 tum
1437 4378 1463 4409 m
1470 4362 1528 4410 flur-

150 4461 153 4464 -
232 4426 249 4490 ξ
262 4427 287 4474 D
298 4445 305 4475 ι
323 4453 384 4464 —-
396 4426 421 4473 D
432 4446 468 4472 =
479 4433 494 4474 8
506 4445 513 4480 ς
529 4431 615 4484 13760,
631 4436 656 4474 et
669 4427 725 4475 inde
735 4436 762 4476 t:
776 4429 799 4477 'l‘
810 4431 842 4495 ἦ·
853 4439 864 4479 t
895 4427 931 4475 dis
950 4428 1055 4486 elastiris,
1073 4431 1142 4492 quale
1157 4439 1193 4478 est
1207 4431 1253 4488 a'e'r‚
1270 4441 1322 4478 tum
1341 4429 1366 4479 iu
1381 4427 1459 4476 fluidIs
1475 4442 1530 4474 non

154 4569 159 4589 a
344 4473 360 4515 s
412 4571 418 4584 ,
560 4539 572 4576 t
702 4538 717 4580 3
824 4537 835 4579 1
894 4491 1000 4600 θῑίῗῒῑοῑθ,
1017 4497 1086 4555 quale
1097 4505 1132 4543 est
1141 4511 1208 4556 aqua.
1242 4496 1305 4551 Qua
1320 4500 1531 4603 sequuumnpma.

232 4568 863 4676 ²⁸²¹⁸⁷⁶⁸ssd0⁶tuefft=ffi=ffi
894 4558 1329 4669 {pggqqtlpernotammanad
1347 4559 1435 4606 cona
1472 4571 1525 4618 top.

233 4711 426 4773 temptatae
456 4713 590 4762 escuem
603 4675 863 4819 ᾆξ’-ἰώπων
895 4685 1200 4807 θῶῑζῶζίιῖἑνεὲἕυοά
1214 4687 1439 4801 ωνῗηὲῑῖξέωᾞ
1450 4687 1530 4798 ‘yffi'
