<?xml version="1.0" encoding="UTF-8"?>
<!DOCTYPE html PUBLIC "-//W3C//DTD XHTML 1.0 Transitional//EN"
    "http://www.w3.org/TR/xhtml1/DTD/xhtml1-transitional.dtd">
<html xmlns="http://www.w3.org/1999/xhtml" xml:lang="en" lang="en">
 <head>
  <title>
</title>
<meta http-equiv="Content-Type" content="text/html;charset=utf-8" />
  <meta name='ocr-system' content='tesseract 3.04.00' />
  <meta name='ocr-capabilities' content='ocr_page ocr_carea ocr_par ocr_line ocrx_word'/>
</head>
<body>
  <div class='ocr_page' id='page_1' title='image "./philosophinatur02wriggoog_0309.png"; bbox 0 0 3434 5500; ppageno 0'>
   <div class='ocr_carea' id='block_1_1' title="bbox 172 398 1536 490">
    <p class='ocr_par' dir='ltr' id='par_1_1' title="bbox 172 398 1536 490">
     <span class='ocr_line' id='line_1_1' title="bbox 172 398 1536 490; baseline -0.001 -9"><span class='ocrx_word' id='word_1_1' title='bbox 172 413 287 481; x_wconf 67' lang='grc'><strong>11111</strong></span> <span class='ocrx_word' id='word_1_2' title='bbox 301 412 465 490; x_wconf 66' lang='lat' dir='ltr'><strong>sucum]</strong></span> <span class='ocrx_word' id='word_1_3' title='bbox 498 408 740 476; x_wconf 77' lang='lat' dir='ltr'><strong>rumorem</strong></span> <span class='ocrx_word' id='word_1_4' title='bbox 763 410 1133 476; x_wconf 76' lang='grc'><strong>111111111111101.</strong></span> <span class='ocrx_word' id='word_1_5' title='bbox 1397 422 1459 483; x_wconf 74' lang='grc'><strong>101</strong></span> <span class='ocrx_word' id='word_1_6' title='bbox 1533 398 1536 405; x_wconf 79' lang='grc'><em>’</em></span> 
     </span>
    </p>
   </div>
   <div class='ocr_carea' id='block_1_2' title="bbox 114 566 1459 1209">
    <p class='ocr_par' dir='ltr' id='par_1_2' title="bbox 114 566 1459 1209">
     <span class='ocr_line' id='line_1_2' title="bbox 114 566 1459 673; baseline 0 -24"><span class='ocrx_word' id='word_1_7' title='bbox 114 566 117 571; x_wconf 38' lang='grc'><strong>’</strong></span> <span class='ocrx_word' id='word_1_8' title='bbox 172 586 298 673; x_wconf 85' lang='lat' dir='ltr'><strong>gebitur</strong></span> <span class='ocrx_word' id='word_1_9' title='bbox 307 607 365 669; x_wconf 90' lang='lat' dir='ltr'><strong>per</strong></span> <span class='ocrx_word' id='word_1_10' title='bbox 376 585 478 649; x_wconf 89' lang='lat' dir='ltr'><strong>solum</strong></span> <span class='ocrx_word' id='word_1_11' title='bbox 492 588 597 649; x_wconf 66' lang='lat' dir='ltr'><strong>aerem</strong></span> <span class='ocrx_word' id='word_1_12' title='bbox 610 606 729 661; x_wconf 90' lang='lat' dir='ltr'><strong>verum,</strong></span> <span class='ocrx_word' id='word_1_13' title='bbox 744 583 840 670; x_wconf 91' lang='lat' dir='ltr'><strong>idque</strong></span> <span class='ocrx_word' id='word_1_14' title='bbox 854 574 888 645; x_wconf 85' lang='lat' dir='ltr'><strong>iir</strong></span> <span class='ocrx_word' id='word_1_15' title='bbox 899 582 1113 666; x_wconf 77' lang='lat' dir='ltr'><strong>subduplicati</strong></span> <span class='ocrx_word' id='word_1_16' title='bbox 1125 583 1245 647; x_wconf 87' lang='lat' dir='ltr'><strong>ratione</strong></span> <span class='ocrx_word' id='word_1_17' title='bbox 1256 582 1384 647; x_wconf 91' lang='lat' dir='ltr'><strong>minoris</strong></span> <span class='ocrx_word' id='word_1_18' title='bbox 1392 606 1459 649; x_wconf 85' lang='lat' dir='ltr'><strong>rne-</strong></span> 
     </span>
     <span class='ocr_line' id='line_1_3' title="bbox 173 676 1458 775; baseline -0.002 -17"><span class='ocrx_word' id='word_1_19' title='bbox 173 693 296 762; x_wconf 64' lang='lat' dir='ltr'><strong>mnae..</strong></span> <span class='ocrx_word' id='word_1_20' title='bbox 318 692 364 757; x_wconf 92' lang='lat' dir='ltr'><strong>Ut</strong></span> <span class='ocrx_word' id='word_1_21' title='bbox 386 692 414 754; x_wconf 90' lang='lat' dir='ltr'><strong>si</strong></span> <span class='ocrx_word' id='word_1_22' title='bbox 433 676 643 775; x_wconf 58' lang='lat' dir='ltr'><strong>atmosphmra</strong></span> <span class='ocrx_word' id='word_1_23' title='bbox 656 701 777 754; x_wconf 84' lang='lat' dir='ltr'><strong>constet</strong></span> <span class='ocrx_word' id='word_1_24' title='bbox 797 712 838 753; x_wconf 88' lang='lat' dir='ltr'><strong>ex</strong></span> <span class='ocrx_word' id='word_1_25' title='bbox 859 690 968 754; x_wconf 90' lang='lat' dir='ltr'><strong>decem</strong></span> <span class='ocrx_word' id='word_1_26' title='bbox 988 690 1128 773; x_wconf 85' lang='lat' dir='ltr'><strong>partibus</strong></span> <span class='ocrx_word' id='word_1_27' title='bbox 1152 690 1231 753; x_wconf 84' lang='lat' dir='ltr'><strong>a&#39;eris</strong></span> <span class='ocrx_word' id='word_1_28' title='bbox 1257 692 1323 754; x_wconf 90' lang='lat' dir='ltr'><strong>veri</strong></span> <span class='ocrx_word' id='word_1_29' title='bbox 1343 691 1458 759; x_wconf 77' lang='lat' dir='ltr'><strong>etunri</strong></span> 
     </span>
     <span class='ocr_line' id='line_1_4' title="bbox 173 796 1453 885; baseline -0.004 -20"><span class='ocrx_word' id='word_1_30' title='bbox 173 812 264 885; x_wconf 79' lang='lat' dir='ltr'><strong>porte</strong></span> <span class='ocrx_word' id='word_1_31' title='bbox 287 801 449 884; x_wconf 77' lang='lat' dir='ltr'>vaporum,</span> <span class='ocrx_word' id='word_1_32' title='bbox 475 809 578 861; x_wconf 88' lang='lat' dir='ltr'><strong>motus</strong></span> <span class='ocrx_word' id='word_1_33' title='bbox 600 819 746 863; x_wconf 91' lang='lat' dir='ltr'><strong>sonorum</strong></span> <span class='ocrx_word' id='word_1_34' title='bbox 770 796 900 860; x_wconf 90' lang='lat' dir='ltr'><strong>celerior</strong></span> <span class='ocrx_word' id='word_1_35' title='bbox 915 796 974 859; x_wconf 88' lang='lat' dir='ltr'><strong>erit</strong></span> <span class='ocrx_word' id='word_1_36' title='bbox 987 796 1019 857; x_wconf 90' lang='lat' dir='ltr'><strong>in</strong></span> <span class='ocrx_word' id='word_1_37' title='bbox 1036 796 1250 880; x_wconf 73' lang='lat' dir='ltr'><strong>subduplicatri</strong></span> <span class='ocrx_word' id='word_1_38' title='bbox 1275 799 1393 863; x_wconf 81' lang='lat' dir='ltr'><strong>ratione</strong></span> <span class='ocrx_word' id='word_1_39' title='bbox 1419 807 1453 861; x_wconf 96' lang='lat' dir='ltr'><strong>ll</strong></span> 
     </span>
     <span class='ocr_line' id='line_1_5' title="bbox 171 901 1458 990; baseline -0.002 -19"><span class='ocrx_word' id='word_1_40' title='bbox 171 908 213 970; x_wconf 81' lang='lat' dir='ltr'><strong>ad</strong></span> <span class='ocrx_word' id='word_1_41' title='bbox 229 916 280 984; x_wconf 99' lang='grc'><strong>10,</strong></span> <span class='ocrx_word' id='word_1_42' title='bbox 295 904 345 970; x_wconf 88' lang='lat' dir='ltr'><strong>vel</strong></span> <span class='ocrx_word' id='word_1_43' title='bbox 359 906 394 967; x_wconf 92' lang='lat' dir='ltr'><strong>in</strong></span> <span class='ocrx_word' id='word_1_44' title='bbox 407 902 528 990; x_wconf 74' lang='lat' dir='ltr'><strong>integri</strong></span> <span class='ocrx_word' id='word_1_45' title='bbox 543 903 666 967; x_wconf 85' lang='lat' dir='ltr'><strong>circiter</strong></span> <span class='ocrx_word' id='word_1_46' title='bbox 680 903 801 966; x_wconf 82' lang='lat' dir='ltr'><strong>ratione</strong></span> <span class='ocrx_word' id='word_1_47' title='bbox 815 909 858 981; x_wconf 74' lang='grc' dir='ltr'><strong>91Ι</strong></span> <span class='ocrx_word' id='word_1_48' title='bbox 873 901 914 966; x_wconf 84' lang='lat' dir='ltr'><strong>od</strong></span> <span class='ocrx_word' id='word_1_49' title='bbox 929 908 981 978; x_wconf 92' lang='grc'><strong>90,</strong></span> <span class='ocrx_word' id='word_1_50' title='bbox 1006 924 1098 987; x_wconf 86' lang='lat' dir='ltr'><strong>quarn</strong></span> <span class='ocrx_word' id='word_1_51' title='bbox 1113 902 1139 965; x_wconf 90' lang='lat' dir='ltr'><strong>si</strong></span> <span class='ocrx_word' id='word_1_52' title='bbox 1152 916 1378 990; x_wconf 82' lang='lat' dir='ltr'><strong>propagaretur</strong></span> <span class='ocrx_word' id='word_1_53' title='bbox 1400 926 1458 987; x_wconf 93' lang='lat' dir='ltr'><strong>per</strong></span> 
     </span>
     <span class='ocr_line' id='line_1_6' title="bbox 171 1012 1455 1099; baseline -0.002 -20"><span class='ocrx_word' id='word_1_54' title='bbox 171 1016 317 1081; x_wconf 84' lang='lat' dir='ltr'><strong>undecim</strong></span> <span class='ocrx_word' id='word_1_55' title='bbox 349 1026 454 1099; x_wconf 78' lang='lat' dir='ltr'><strong>partes</strong></span> <span class='ocrx_word' id='word_1_56' title='bbox 483 1015 563 1077; x_wconf 65' lang='lat' dir='ltr'><strong>ueris</strong></span> <span class='ocrx_word' id='word_1_57' title='bbox 591 1014 675 1078; x_wconf 80' lang='lat' dir='ltr'><strong>veri:</strong></span> <span class='ocrx_word' id='word_1_58' title='bbox 706 1012 839 1098; x_wconf 72' lang='lat' dir='ltr'><strong>ideoque</strong></span> <span class='ocrx_word' id='word_1_59' title='bbox 868 1024 970 1075; x_wconf 88' lang='lat' dir='ltr'><strong>motus</strong></span> <span class='ocrx_word' id='word_1_60' title='bbox 1000 1033 1148 1075; x_wconf 88' lang='lat' dir='ltr'><strong>sonorum</strong></span> <span class='ocrx_word' id='word_1_61' title='bbox 1177 1034 1272 1096; x_wconf 84' lang='lat' dir='ltr'><strong>supra</strong></span> <span class='ocrx_word' id='word_1_62' title='bbox 1303 1012 1455 1093; x_wconf 83' lang='lat' dir='ltr'><strong>inventus,</strong></span> 
     </span>
     <span class='ocr_line' id='line_1_7' title="bbox 172 1119 1455 1209; baseline 0.001 -23"><span class='ocrx_word' id='word_1_63' title='bbox 172 1122 333 1209; x_wconf 84' lang='lat' dir='ltr'><strong>augendus</strong></span> <span class='ocrx_word' id='word_1_64' title='bbox 349 1121 409 1185; x_wconf 89' lang='lat' dir='ltr'><strong>erit</strong></span> <span class='ocrx_word' id='word_1_65' title='bbox 422 1121 456 1183; x_wconf 93' lang='lat' dir='ltr'><strong>in</strong></span> <span class='ocrx_word' id='word_1_66' title='bbox 471 1119 532 1184; x_wconf 79' lang='lat' dir='ltr'><strong>bric</strong></span> <span class='ocrx_word' id='word_1_67' title='bbox 551 1119 681 1207; x_wconf 81' lang='lat' dir='ltr'><strong>ratione.</strong></span> <span class='ocrx_word' id='word_1_68' title='bbox 727 1119 801 1196; x_wconf 89' lang='lat' dir='ltr'><strong>Quo</strong></span> <span class='ocrx_word' id='word_1_69' title='bbox 822 1131 915 1203; x_wconf 87' lang='lat' dir='ltr'><strong>pacto</strong></span> <span class='ocrx_word' id='word_1_70' title='bbox 940 1141 1046 1196; x_wconf 88' lang='lat' dir='ltr'><strong>sonus,</strong></span> <span class='ocrx_word' id='word_1_71' title='bbox 1070 1131 1209 1204; x_wconf 89' lang='lat' dir='ltr'><strong>tempore</strong></span> <span class='ocrx_word' id='word_1_72' title='bbox 1231 1120 1341 1184; x_wconf 88' lang='lat' dir='ltr'><strong>minuti</strong></span> <span class='ocrx_word' id='word_1_73' title='bbox 1363 1123 1455 1187; x_wconf 88' lang='lat' dir='ltr'><strong>unius</strong></span> 
     </span>
    </p>
   </div>
   <div class='ocr_carea' id='block_1_3' title="bbox 165 1230 1456 2703">
    <p class='ocr_par' dir='ltr' id='par_1_3' title="bbox 165 1230 1456 2703">
     <span class='ocr_line' id='line_1_8' title="bbox 171 1230 1382 1313; baseline -0.009 -17"><span class='ocrx_word' id='word_1_74' title='bbox 171 1231 310 1308; x_wconf 80' lang='lat' dir='ltr'><strong>secundi,</strong></span> <span class='ocrx_word' id='word_1_75' title='bbox 326 1230 470 1294; x_wconf 84' lang='lat' dir='ltr'><strong>conficiet</strong></span> <span class='ocrx_word' id='word_1_76' title='bbox 484 1230 581 1313; x_wconf 91' lang='lat' dir='ltr'><strong>pedes</strong></span> <span class='ocrx_word' id='word_1_77' title='bbox 599 1237 692 1293; x_wconf 74' lang='grc'><strong>1149.</strong></span> <span class='ocrx_word' id='word_1_78' title='bbox 1380 1308 1382 1313; x_wconf 68' lang='lat'><strong>,</strong></span> 
     </span>
     <span class='ocr_line' id='line_1_9' title="bbox 218 1335 1456 1425; baseline 0.002 -24"><span class='ocrx_word' id='word_1_79' title='bbox 218 1337 302 1401; x_wconf 84' lang='lat' dir='ltr'><strong>Haec</strong></span> <span class='ocrx_word' id='word_1_80' title='bbox 324 1338 368 1400; x_wconf 82' lang='lat' dir='ltr'><strong>ita</strong></span> <span class='ocrx_word' id='word_1_81' title='bbox 382 1359 416 1400; x_wconf 91' lang='lat' dir='ltr'><strong>se</strong></span> <span class='ocrx_word' id='word_1_82' title='bbox 430 1335 547 1400; x_wconf 88' lang='lat' dir='ltr'><strong>habere</strong></span> <span class='ocrx_word' id='word_1_83' title='bbox 569 1335 685 1399; x_wconf 89' lang='lat' dir='ltr'><strong>debent</strong></span> <span class='ocrx_word' id='word_1_84' title='bbox 705 1349 845 1421; x_wconf 86' lang='lat' dir='ltr'><strong>tempore</strong></span> <span class='ocrx_word' id='word_1_85' title='bbox 870 1358 967 1401; x_wconf 80' lang='lat' dir='ltr'><strong>verno</strong></span> <span class='ocrx_word' id='word_1_86' title='bbox 989 1348 1020 1401; x_wconf 87' lang='lat' dir='ltr'><strong>et</strong></span> <span class='ocrx_word' id='word_1_87' title='bbox 1041 1338 1221 1415; x_wconf 84' lang='lat' dir='ltr'><strong>autumnali,</strong></span> <span class='ocrx_word' id='word_1_88' title='bbox 1246 1338 1300 1403; x_wconf 91' lang='lat' dir='ltr'><strong>ubi</strong></span> <span class='ocrx_word' id='word_1_89' title='bbox 1324 1343 1377 1404; x_wconf 76' lang='lat' dir='ltr'><strong>ae&#39;r</strong></span> <span class='ocrx_word' id='word_1_90' title='bbox 1398 1362 1456 1425; x_wconf 89' lang='lat' dir='ltr'><strong>per</strong></span> 
     </span>
     <span class='ocr_line' id='line_1_10' title="bbox 171 1442 1456 1529; baseline 0.001 -18"><span class='ocrx_word' id='word_1_91' title='bbox 171 1444 312 1511; x_wconf 72' lang='lat' dir='ltr'><strong>calorem</strong></span> <span class='ocrx_word' id='word_1_92' title='bbox 320 1454 527 1527; x_wconf 82' lang='lat' dir='ltr'><strong>temperatum</strong></span> <span class='ocrx_word' id='word_1_93' title='bbox 540 1442 678 1519; x_wconf 85' lang='lat' dir='ltr'><strong>rarescit,</strong></span> <span class='ocrx_word' id='word_1_94' title='bbox 693 1455 726 1507; x_wconf 89' lang='lat' dir='ltr'><strong>et</strong></span> <span class='ocrx_word' id='word_1_95' title='bbox 739 1444 805 1529; x_wconf 89' lang='lat' dir='ltr'><strong>ejus</strong></span> <span class='ocrx_word' id='word_1_96' title='bbox 820 1442 866 1506; x_wconf 88' lang='lat' dir='ltr'><strong>vis</strong></span> <span class='ocrx_word' id='word_1_97' title='bbox 882 1442 1007 1507; x_wconf 83' lang='lat' dir='ltr'><strong>elastica</strong></span> <span class='ocrx_word' id='word_1_98' title='bbox 1020 1442 1163 1507; x_wconf 87' lang='lat' dir='ltr'><strong>nonnihil</strong></span> <span class='ocrx_word' id='word_1_99' title='bbox 1184 1444 1364 1509; x_wconf 88' lang='lat' dir='ltr'><strong>intenditur.</strong></span> <span class='ocrx_word' id='word_1_100' title='bbox 1410 1448 1456 1512; x_wconf 86' lang='lat' dir='ltr'><strong>At</strong></span> 
     </span>
     <span class='ocr_line' id='line_1_11' title="bbox 169 1536 1454 1635; baseline 0.002 -21"><span class='ocrx_word' id='word_1_101' title='bbox 169 1550 312 1635; x_wconf 85' lang='lat' dir='ltr'><strong>hyberno</strong></span> <span class='ocrx_word' id='word_1_102' title='bbox 326 1562 477 1632; x_wconf 89' lang='lat' dir='ltr'><strong>tempore,</strong></span> <span class='ocrx_word' id='word_1_103' title='bbox 499 1549 555 1612; x_wconf 91' lang='lat' dir='ltr'><strong>ubi</strong></span> <span class='ocrx_word' id='word_1_104' title='bbox 570 1552 624 1613; x_wconf 71' lang='lat' dir='ltr'><strong>eiir</strong></span> <span class='ocrx_word' id='word_1_105' title='bbox 637 1570 695 1632; x_wconf 90' lang='lat' dir='ltr'><strong>per</strong></span> <span class='ocrx_word' id='word_1_106' title='bbox 709 1548 807 1635; x_wconf 87' lang='lat' dir='ltr'><strong>frigus</strong></span> <span class='ocrx_word' id='word_1_107' title='bbox 829 1549 1055 1626; x_wconf 77' lang='lat' dir='ltr'><strong>condensatur,¹</strong></span> <span class='ocrx_word' id='word_1_108' title='bbox 1071 1562 1102 1613; x_wconf 91' lang='lat' dir='ltr'><strong>et</strong></span> <span class='ocrx_word' id='word_1_109' title='bbox 1116 1552 1182 1635; x_wconf 86' lang='lat' dir='ltr'><strong>ejus</strong></span> <span class='ocrx_word' id='word_1_110' title='bbox 1197 1536 1244 1614; x_wconf 85' lang='lat' dir='ltr'><strong>vis</strong></span> <span class='ocrx_word' id='word_1_111' title='bbox 1257 1551 1385 1635; x_wconf 72' lang='lat' dir='ltr'><strong>plastica</strong></span> <span class='ocrx_word' id='word_1_112' title='bbox 1404 1574 1454 1617; x_wconf 89' lang='lat' dir='ltr'><strong>re-</strong></span> 
     </span>
     <span class='ocr_line' id='line_1_12' title="bbox 168 1655 1454 1740; baseline 0.003 -21"><span class='ocrx_word' id='word_1_113' title='bbox 168 1657 310 1732; x_wconf 87' lang='lat' dir='ltr'><strong>mittitur,</strong></span> <span class='ocrx_word' id='word_1_114' title='bbox 333 1666 437 1719; x_wconf 85' lang='lat' dir='ltr'><strong>motus</strong></span> <span class='ocrx_word' id='word_1_115' title='bbox 451 1677 600 1717; x_wconf 90' lang='lat' dir='ltr'><strong>sonorum</strong></span> <span class='ocrx_word' id='word_1_116' title='bbox 616 1655 734 1718; x_wconf 78' lang='lat' dir='ltr'><strong>tardior</strong></span> <span class='ocrx_word' id='word_1_117' title='bbox 749 1678 815 1719; x_wconf 86' lang='lat' dir='ltr'><strong>esse</strong></span> <span class='ocrx_word' id='word_1_118' title='bbox 830 1656 924 1720; x_wconf 90' lang='lat' dir='ltr'><strong>debet</strong></span> <span class='ocrx_word' id='word_1_119' title='bbox 938 1656 971 1719; x_wconf 89' lang='lat' dir='ltr'><strong>iu</strong></span> <span class='ocrx_word' id='word_1_120' title='bbox 986 1655 1200 1740; x_wconf 74' lang='lat' dir='ltr'><strong>subduplicatri</strong></span> <span class='ocrx_word' id='word_1_121' title='bbox 1215 1657 1335 1731; x_wconf 86' lang='lat' dir='ltr'><strong>ratione</strong></span> <span class='ocrx_word' id='word_1_122' title='bbox 1350 1659 1454 1728; x_wconf 88' lang='lat' dir='ltr'><strong>densi-</strong></span> 
     </span>
     <span class='ocr_line' id='line_1_13' title="bbox 168 1763 1361 1849; baseline 0 -20"><span class='ocrx_word' id='word_1_123' title='bbox 168 1766 256 1839; x_wconf 76' lang='lat' dir='ltr'><strong>tatis3</strong></span> <span class='ocrx_word' id='word_1_124' title='bbox 279 1775 312 1828; x_wconf 88' lang='lat' dir='ltr'><strong>et</strong></span> <span class='ocrx_word' id='word_1_125' title='bbox 324 1763 460 1826; x_wconf 86' lang='lat' dir='ltr'><strong>vicissim</strong></span> <span class='ocrx_word' id='word_1_126' title='bbox 473 1764 582 1827; x_wconf 79' lang='lat' dir='ltr'><strong>aestiro</strong></span> <span class='ocrx_word' id='word_1_127' title='bbox 596 1776 737 1847; x_wconf 87' lang='lat' dir='ltr'><strong>tempore</strong></span> <span class='ocrx_word' id='word_1_128' title='bbox 752 1764 846 1829; x_wconf 84' lang='lat' dir='ltr'><strong>debet</strong></span> <span class='ocrx_word' id='word_1_129' title='bbox 861 1787 928 1828; x_wconf 85' lang='lat' dir='ltr'><strong>esse</strong></span> <span class='ocrx_word' id='word_1_130' title='bbox 942 1764 1087 1829; x_wconf 88' lang='lat' dir='ltr'><strong>velocior.</strong></span> <span class='ocrx_word' id='word_1_131' title='bbox 1359 1842 1361 1849; x_wconf 18' lang='lat' dir='ltr'>y</span> 
     </span>
     <span class='ocr_line' id='line_1_14' title="bbox 214 1870 1453 1955; baseline 0.004 -22"><span class='ocrx_word' id='word_1_132' title='bbox 214 1871 345 1943; x_wconf 77' lang='lat' dir='ltr'><strong>Constat</strong></span> <span class='ocrx_word' id='word_1_133' title='bbox 360 1881 465 1933; x_wconf 82' lang='lat' dir='ltr'><strong>autem</strong></span> <span class='ocrx_word' id='word_1_134' title='bbox 486 1890 543 1952; x_wconf 92' lang='lat' dir='ltr'><strong>per</strong></span> <span class='ocrx_word' id='word_1_135' title='bbox 565 1870 778 1953; x_wconf 76' lang='lat' dir='ltr'><strong>experimenta</strong></span> <span class='ocrx_word' id='word_1_136' title='bbox 799 1870 884 1955; x_wconf 91' lang='lat' dir='ltr'><strong>quod</strong></span> <span class='ocrx_word' id='word_1_137' title='bbox 906 1870 974 1935; x_wconf 90' lang='lat' dir='ltr'><strong>soni</strong></span> <span class='ocrx_word' id='word_1_138' title='bbox 995 1883 1135 1955; x_wconf 81' lang='lat' dir='ltr'><strong>tempore</strong></span> <span class='ocrx_word' id='word_1_139' title='bbox 1158 1872 1271 1936; x_wconf 89' lang='lat' dir='ltr'><strong>minuti</strong></span> <span class='ocrx_word' id='word_1_140' title='bbox 1292 1873 1383 1937; x_wconf 90' lang='lat' dir='ltr'><strong>unius</strong></span> <span class='ocrx_word' id='word_1_141' title='bbox 1404 1897 1453 1938; x_wconf 88' lang='lat' dir='ltr'><strong>se-</strong></span> 
     </span>
     <span class='ocr_line' id='line_1_15' title="bbox 168 1975 1451 2067; baseline 0.005 -26"><span class='ocrx_word' id='word_1_142' title='bbox 168 1976 383 2041; x_wconf 78' lang='lat' dir='ltr'><strong>cundi‘eundo</strong></span> <span class='ocrx_word' id='word_1_143' title='bbox 397 1975 566 2040; x_wconf 88' lang='lat' dir='ltr'><strong>conficiunt</strong></span> <span class='ocrx_word' id='word_1_144' title='bbox 586 1975 683 2059; x_wconf 90' lang='lat' dir='ltr'><strong>pedes</strong></span> <span class='ocrx_word' id='word_1_145' title='bbox 707 1976 924 2042; x_wconf 89' lang='lat' dir='ltr'><strong>Londinenses</strong></span> <span class='ocrx_word' id='word_1_146' title='bbox 939 1976 1008 2067; x_wconf 84' lang='lat' dir='ltr'><strong>plus</strong></span> <span class='ocrx_word' id='word_1_147' title='bbox 1023 1978 1124 2045; x_wconf 87' lang='lat' dir='ltr'><strong>minus</strong></span> <span class='ocrx_word' id='word_1_148' title='bbox 1143 1987 1236 2057; x_wconf 74' lang='grc'><strong>1119,</strong></span> <span class='ocrx_word' id='word_1_149' title='bbox 1261 1979 1451 2047; x_wconf 80' lang='lat' dir='ltr'><strong>Parisienses</strong></span> 
     </span>
     <span class='ocr_line' id='line_1_16' title="bbox 167 2090 1351 2175; baseline 0.001 -25"><span class='ocrx_word' id='word_1_150' title='bbox 167 2105 242 2153; x_wconf 80' lang='lat' dir='ltr'><strong>vero</strong></span> <span class='ocrx_word' id='word_1_151' title='bbox 263 2090 357 2157; x_wconf 75' lang='lat'><strong>1070.</strong></span> <span class='ocrx_word' id='word_1_152' title='bbox 1293 2160 1297 2169; x_wconf 22' lang='grc' dir='ltr'><em>Α</em></span> <span class='ocrx_word' id='word_1_153' title='bbox 1347 2167 1351 2175; x_wconf 26' lang='grc' dir='ltr'>Ι</span> 
     </span>
     <span class='ocr_line' id='line_1_17' title="bbox 211 2176 1450 2280; baseline 0.005 -27"><span class='ocrx_word' id='word_1_154' title='bbox 211 2190 348 2278; x_wconf 78' lang='lat' dir='ltr'><strong>cogniti</strong></span> <span class='ocrx_word' id='word_1_155' title='bbox 378 2212 525 2254; x_wconf 88' lang='lat' dir='ltr'><strong>sonorum</strong></span> <span class='ocrx_word' id='word_1_156' title='bbox 555 2191 717 2255; x_wconf 79' lang='lat' dir='ltr'><strong>velocitate</strong></span> <span class='ocrx_word' id='word_1_157' title='bbox 745 2176 942 2257; x_wconf 89' lang='lat' dir='ltr'><strong>innotescunt</strong></span> <span class='ocrx_word' id='word_1_158' title='bbox 972 2194 1065 2257; x_wconf 84' lang='lat' dir='ltr'><strong>etiam</strong></span> <span class='ocrx_word' id='word_1_159' title='bbox 1098 2180 1257 2269; x_wconf 67' lang='lat' dir='ltr'><strong>intervella</strong></span> <span class='ocrx_word' id='word_1_160' title='bbox 1293 2195 1450 2280; x_wconf 87' lang='lat' dir='ltr'><strong>pulsuum.</strong></span> 
     </span>
     <span class='ocr_line' id='line_1_18' title="bbox 168 2297 1452 2385; baseline 0.002 -24"><span class='ocrx_word' id='word_1_161' title='bbox 168 2299 209 2383; x_wconf 63' lang='lat'><strong>(⁸)</strong></span> <span class='ocrx_word' id='word_1_162' title='bbox 233 2297 358 2362; x_wconf 88' lang='lat' dir='ltr'><strong>Invenit</strong></span> <span class='ocrx_word' id='word_1_163' title='bbox 383 2297 490 2381; x_wconf 88' lang='lat' dir='ltr'><strong>utique</strong></span> <span class='ocrx_word' id='word_1_164' title='bbox 514 2297 559 2363; x_wconf 88' lang='lat' dir='ltr'><strong>D.</strong></span> <span class='ocrx_word' id='word_1_165' title='bbox 585 2299 734 2374; x_wconf 83' lang='lat' dir='ltr'><strong>Sauveur,</strong></span> <span class='ocrx_word' id='word_1_166' title='bbox 764 2297 851 2361; x_wconf 84' lang='lat' dir='ltr'><strong>factis</strong></span> <span class='ocrx_word' id='word_1_167' title='bbox 875 2322 894 2361; x_wconf 87' lang='lat' dir='ltr'>a</span> <span class='ocrx_word' id='word_1_168' title='bbox 917 2308 952 2361; x_wconf 78' lang='lat' dir='ltr'><strong>&#39;se</strong></span> <span class='ocrx_word' id='word_1_169' title='bbox 978 2300 1205 2381; x_wconf 87' lang='lat' dir='ltr'><strong>experimentis,</strong></span> <span class='ocrx_word' id='word_1_170' title='bbox 1237 2302 1320 2385; x_wconf 92' lang='lat' dir='ltr'><strong>quod</strong></span> <span class='ocrx_word' id='word_1_171' title='bbox 1338 2300 1452 2366; x_wconf 34' lang='lat' dir='ltr'><strong>*fistula</strong></span> 
     </span>
     <span class='ocr_line' id='line_1_19' title="bbox 166 2387 1448 2495; baseline 0.005 -28"><span class='ocrx_word' id='word_1_172' title='bbox 166 2416 284 2488; x_wconf 83' lang='lat' dir='ltr'><strong>aperta,</strong></span> <span class='ocrx_word' id='word_1_173' title='bbox 315 2404 404 2487; x_wconf 90' lang='lat' dir='ltr'><strong>cujus</strong></span> <span class='ocrx_word' id='word_1_174' title='bbox 431 2403 596 2490; x_wconf 91' lang='lat' dir='ltr'><strong>longitudo</strong></span> <span class='ocrx_word' id='word_1_175' title='bbox 622 2387 814 2487; x_wconf 78' lang='lat' dir='ltr'><strong>est&#39;pedum</strong></span> <span class='ocrx_word' id='word_1_176' title='bbox 830 2404 1052 2468; x_wconf 83' lang='lat' dir='ltr'><strong>Parisiensium</strong></span> <span class='ocrx_word' id='word_1_177' title='bbox 1075 2405 1146 2495; x_wconf 85' lang='lat' dir='ltr'><strong>plus</strong></span> <span class='ocrx_word' id='word_1_178' title='bbox 1170 2407 1272 2469; x_wconf 90' lang='lat' dir='ltr'><strong>minus</strong></span> <span class='ocrx_word' id='word_1_179' title='bbox 1302 2408 1448 2493; x_wconf 90' lang='lat' dir='ltr'><strong>quinque,</strong></span> 
     </span>
     <span class='ocr_line' id='line_1_20' title="bbox 165 2507 1450 2597; baseline 0.005 -24"><span class='ocrx_word' id='word_1_180' title='bbox 165 2532 278 2578; x_wconf 90' lang='lat' dir='ltr'><strong>sonum</strong></span> <span class='ocrx_word' id='word_1_181' title='bbox 299 2509 364 2572; x_wconf 90' lang='lat' dir='ltr'><strong>edit</strong></span> <span class='ocrx_word' id='word_1_182' title='bbox 385 2507 524 2594; x_wconf 90' lang='lat' dir='ltr'><strong>ejusdem</strong></span> <span class='ocrx_word' id='word_1_183' title='bbox 544 2510 612 2572; x_wconf 92' lang='lat' dir='ltr'><strong>toni</strong></span> <span class='ocrx_word' id='word_1_184' title='bbox 634 2532 706 2573; x_wconf 89' lang='lat' dir='ltr'><strong>cum</strong></span> <span class='ocrx_word' id='word_1_185' title='bbox 727 2531 804 2576; x_wconf 90' lang='lat' dir='ltr'><strong>sono</strong></span> <span class='ocrx_word' id='word_1_186' title='bbox 826 2510 952 2573; x_wconf 85' lang='lat' dir='ltr'><strong>chordae</strong></span> <span class='ocrx_word' id='word_1_187' title='bbox 974 2532 1044 2597; x_wconf 86' lang='lat' dir='ltr'><strong>quae</strong></span> <span class='ocrx_word' id='word_1_188' title='bbox 1068 2524 1208 2596; x_wconf 87' lang='lat' dir='ltr'><strong>tempore</strong></span> <span class='ocrx_word' id='word_1_189' title='bbox 1227 2514 1337 2577; x_wconf 89' lang='lat' dir='ltr'><strong>minuti</strong></span> <span class='ocrx_word' id='word_1_190' title='bbox 1359 2516 1450 2579; x_wconf 83' lang='lat' dir='ltr'><strong>um&#39;us</strong></span> 
     </span>
     <span class='ocr_line' id='line_1_21' title="bbox 165 2616 1450 2703; baseline 0.001 -21"><span class='ocrx_word' id='word_1_191' title='bbox 165 2617 295 2682; x_wconf 88' lang='lat' dir='ltr'><strong>secundi</strong></span> <span class='ocrx_word' id='word_1_192' title='bbox 318 2618 354 2702; x_wconf 79' lang='lat'><strong>(⁰)</strong></span> <span class='ocrx_word' id='word_1_193' title='bbox 371 2616 486 2682; x_wconf 84' lang='lat' dir='ltr'><strong>centies</strong></span> <span class='ocrx_word' id='word_1_194' title='bbox 508 2618 649 2681; x_wconf 84' lang='lat' dir='ltr'><strong>recurrit.</strong></span> <span class='ocrx_word' id='word_1_195' title='bbox 695 2618 776 2681; x_wconf 86' lang='lat' dir='ltr'><strong>Sunt</strong></span> <span class='ocrx_word' id='word_1_196' title='bbox 797 2616 892 2703; x_wconf 88' lang='lat' dir='ltr'><strong>igitur</strong></span> <span class='ocrx_word' id='word_1_197' title='bbox 912 2616 1020 2700; x_wconf 91' lang='lat' dir='ltr'><strong>pulsus</strong></span> <span class='ocrx_word' id='word_1_198' title='bbox 1045 2617 1115 2701; x_wconf 90' lang='lat' dir='ltr'><strong>plus</strong></span> <span class='ocrx_word' id='word_1_199' title='bbox 1141 2619 1243 2682; x_wconf 90' lang='lat' dir='ltr'><strong>minus</strong></span> <span class='ocrx_word' id='word_1_200' title='bbox 1267 2634 1391 2683; x_wconf 84' lang='lat' dir='ltr'><strong>centum</strong></span> <span class='ocrx_word' id='word_1_201' title='bbox 1415 2621 1450 2684; x_wconf 92' lang='lat' dir='ltr'><strong>in</strong></span> 
     </span>
    </p>
   </div>
   <div class='ocr_carea' id='block_1_4' title="bbox 161 2727 1502 3565">
    <p class='ocr_par' dir='ltr' id='par_1_4' title="bbox 162 2727 1502 3249">
     <span class='ocr_line' id='line_1_22' title="bbox 165 2727 1448 2816; baseline -0.002 -20"><span class='ocrx_word' id='word_1_202' title='bbox 165 2730 265 2816; x_wconf 85' lang='lat' dir='ltr'><strong>spatio</strong></span> <span class='ocrx_word' id='word_1_203' title='bbox 286 2728 403 2814; x_wconf 90' lang='lat' dir='ltr'><strong>pedum</strong></span> <span class='ocrx_word' id='word_1_204' title='bbox 425 2727 647 2813; x_wconf 82' lang='lat' dir='ltr'><strong>Parisiensium</strong></span> <span class='ocrx_word' id='word_1_205' title='bbox 664 2735 758 2805; x_wconf 85' lang='lat'><strong>1070,</strong></span> <span class='ocrx_word' id='word_1_206' title='bbox 781 2750 859 2813; x_wconf 93' lang='lat' dir='ltr'><strong>quos</strong></span> <span class='ocrx_word' id='word_1_207' title='bbox 880 2747 974 2792; x_wconf 90' lang='lat' dir='ltr'><strong>sonus</strong></span> <span class='ocrx_word' id='word_1_208' title='bbox 996 2739 1136 2814; x_wconf 84' lang='lat' dir='ltr'><strong>tempore</strong></span> <span class='ocrx_word' id='word_1_209' title='bbox 1157 2729 1269 2792; x_wconf 91' lang='lat' dir='ltr'><strong>minuti</strong></span> <span class='ocrx_word' id='word_1_210' title='bbox 1291 2730 1383 2794; x_wconf 89' lang='lat' dir='ltr'><strong>unius</strong></span> <span class='ocrx_word' id='word_1_211' title='bbox 1399 2753 1448 2794; x_wconf 92' lang='lat' dir='ltr'><strong>se-</strong></span> 
     </span>
     <span class='ocr_line' id='line_1_23' title="bbox 164 2828 1502 2921; baseline -0.002 -19"><span class='ocrx_word' id='word_1_212' title='bbox 164 2838 262 2902; x_wconf 90' lang='lat' dir='ltr'><strong>cundi</strong></span> <span class='ocrx_word' id='word_1_213' title='bbox 283 2835 454 2921; x_wconf 85' lang='lat' dir='ltr'><strong>percurrit3</strong></span> <span class='ocrx_word' id='word_1_214' title='bbox 480 2834 613 2920; x_wconf 75' lang='lat' dir='ltr'><strong>ideoque</strong></span> <span class='ocrx_word' id='word_1_215' title='bbox 634 2835 742 2918; x_wconf 89' lang='lat' dir='ltr'><strong>pulsus</strong></span> <span class='ocrx_word' id='word_1_216' title='bbox 764 2856 843 2896; x_wconf 92' lang='lat' dir='ltr'><strong>unus</strong></span> <span class='ocrx_word' id='word_1_217' title='bbox 866 2847 998 2918; x_wconf 81' lang='lat' dir='ltr'><strong>occupat</strong></span> <span class='ocrx_word' id='word_1_218' title='bbox 1012 2835 1146 2918; x_wconf 84' lang='lat' dir='ltr'><strong>spatium</strong></span> <span class='ocrx_word' id='word_1_219' title='bbox 1160 2836 1275 2919; x_wconf 91' lang='lat' dir='ltr'><strong>pedum</strong></span> <span class='ocrx_word' id='word_1_220' title='bbox 1293 2836 1448 2900; x_wconf 84' lang='lat' dir='ltr'><strong>Parisien-</strong></span> <span class='ocrx_word' id='word_1_221' title='bbox 1499 2828 1502 2837; x_wconf 54' lang='lat'><strong><em>‘</em></strong></span> 
     </span>
     <span class='ocr_line' id='line_1_24' title="bbox 162 2939 1447 3040; baseline -0.002 -32"><span class='ocrx_word' id='word_1_222' title='bbox 162 2947 243 3008; x_wconf 86' lang='lat' dir='ltr'><strong>sium</strong></span> <span class='ocrx_word' id='word_1_223' title='bbox 260 2944 347 3029; x_wconf 85' lang='lat' dir='ltr'><strong>quasi</strong></span> <span class='ocrx_word' id='word_1_224' title='bbox 364 2941 457 3020; x_wconf 72' lang='lat' dir='ltr'><strong>l⁰r⁷m</strong></span> <span class='ocrx_word' id='word_1_225' title='bbox 473 2943 506 3006; x_wconf 92' lang='lat' dir='ltr'><strong>id</strong></span> <span class='ocrx_word' id='word_1_226' title='bbox 520 2956 576 3018; x_wconf 83' lang='lat' dir='ltr'><strong>est,</strong></span> <span class='ocrx_word' id='word_1_227' title='bbox 593 2940 722 3040; x_wconf 68' lang='lat' dir='ltr'><strong>duplam</strong></span> <span class='ocrx_word' id='word_1_228' title='bbox 736 2939 858 3003; x_wconf 90' lang='lat' dir='ltr'><strong>circiter</strong></span> <span class='ocrx_word' id='word_1_229' title='bbox 875 2939 1102 3026; x_wconf 85' lang='lat' dir='ltr'><strong>longitudinem</strong></span> <span class='ocrx_word' id='word_1_230' title='bbox 1116 2939 1239 3004; x_wconf 89' lang='lat' dir='ltr'><strong>fistulae.</strong></span> <span class='ocrx_word' id='word_1_231' title='bbox 1286 2942 1325 3024; x_wconf 78' lang='lat'><strong>(¹¹)</strong></span> <span class='ocrx_word' id='word_1_232' title='bbox 1351 2943 1447 3016; x_wconf 85' lang='lat' dir='ltr'><strong>Unde</strong></span> 
     </span>
     <span class='ocr_line' id='line_1_25' title="bbox 162 3049 1442 3142; baseline -0.002 -24"><span class='ocrx_word' id='word_1_233' title='bbox 162 3052 337 3119; x_wconf 87' lang='lat' dir='ltr'><strong>verosimile</strong></span> <span class='ocrx_word' id='word_1_234' title='bbox 352 3065 400 3115; x_wconf 87' lang='lat' dir='ltr'><strong>est</strong></span> <span class='ocrx_word' id='word_1_235' title='bbox 414 3052 499 3137; x_wconf 92' lang='lat' dir='ltr'><strong>quod</strong></span> <span class='ocrx_word' id='word_1_236' title='bbox 513 3050 692 3114; x_wconf 78' lang='lat' dir='ltr'><strong>latitudines</strong></span> <span class='ocrx_word' id='word_1_237' title='bbox 707 3049 864 3133; x_wconf 90' lang='lat' dir='ltr'><strong>pulsuum,</strong></span> <span class='ocrx_word' id='word_1_238' title='bbox 876 3049 918 3142; x_wconf 57' lang='lat' dir='ltr'><strong>,in</strong></span> <span class='ocrx_word' id='word_1_239' title='bbox 927 3051 1065 3134; x_wconf 82' lang='lat' dir='ltr'><strong>omnium</strong></span> <span class='ocrx_word' id='word_1_240' title='bbox 1081 3061 1257 3133; x_wconf 85' lang='lat' dir='ltr'><strong>apertarum</strong></span> <span class='ocrx_word' id='word_1_241' title='bbox 1271 3051 1442 3116; x_wconf 86' lang='lat' dir='ltr'><strong>fistularum</strong></span> 
     </span>
     <span class='ocr_line' id='line_1_26' title="bbox 162 3158 1037 3249; baseline -0.006 -23"><span class='ocrx_word' id='word_1_242' title='bbox 162 3164 258 3241; x_wconf 89' lang='lat' dir='ltr'><strong>sonis,</strong></span> <span class='ocrx_word' id='word_1_243' title='bbox 281 3174 445 3249; x_wconf 76' lang='lat' dir='ltr'><strong>aequentur</strong></span> <span class='ocrx_word' id='word_1_244' title='bbox 459 3161 562 3245; x_wconf 90' lang='lat' dir='ltr'><strong>duplis</strong></span> <span class='ocrx_word' id='word_1_245' title='bbox 576 3159 821 3246; x_wconf 84' lang='lat' dir='ltr'><strong>longitudinibus</strong></span> <span class='ocrx_word' id='word_1_246' title='bbox 835 3158 1018 3222; x_wconf 82' lang='lat' dir='ltr'><strong>fistularum.</strong></span> <span class='ocrx_word' id='word_1_247' title='bbox 1032 3161 1037 3167; x_wconf 82' lang='grc'><em>“</em></span> 
     </span>
    </p>

    <p class='ocr_par' dir='ltr' id='par_1_5' title="bbox 161 3265 1446 3565">
     <span class='ocr_line' id='line_1_27' title="bbox 185 3265 1446 3352; baseline 0 -22"><span class='ocrx_word' id='word_1_248' title='bbox 185 3326 188 3330; x_wconf 87' lang='lat'>.</span> <span class='ocrx_word' id='word_1_249' title='bbox 208 3270 312 3334; x_wconf 90' lang='lat' dir='ltr'><strong>Porro</strong></span> <span class='ocrx_word' id='word_1_250' title='bbox 330 3292 387 3333; x_wconf 88' lang='lat' dir='ltr'><strong>cur</strong></span> <span class='ocrx_word' id='word_1_251' title='bbox 406 3269 475 3332; x_wconf 91' lang='lat' dir='ltr'><strong>soni</strong></span> <span class='ocrx_word' id='word_1_252' title='bbox 494 3279 634 3332; x_wconf 83' lang='lat' dir='ltr'><strong>cessante</strong></span> <span class='ocrx_word' id='word_1_253' title='bbox 657 3280 745 3330; x_wconf 90' lang='lat' dir='ltr'><strong>motu</strong></span> <span class='ocrx_word' id='word_1_254' title='bbox 771 3265 909 3349; x_wconf 88' lang='lat' dir='ltr'><strong>corporis</strong></span> <span class='ocrx_word' id='word_1_255' title='bbox 932 3265 1037 3329; x_wconf 92' lang='lat' dir='ltr'><strong>sonori</strong></span> <span class='ocrx_word' id='word_1_256' title='bbox 1063 3266 1164 3330; x_wconf 82' lang='lat' dir='ltr'><strong>stetim</strong></span> <span class='ocrx_word' id='word_1_257' title='bbox 1190 3279 1319 3344; x_wconf 79' lang='lat' dir='ltr'><strong>cessent,</strong></span> <span class='ocrx_word' id='word_1_258' title='bbox 1345 3289 1446 3352; x_wconf 89' lang='lat' dir='ltr'><strong>neque</strong></span> 
     </span>
     <span class='ocr_line' id='line_1_28' title="bbox 161 3359 1445 3461; baseline -0.003 -21"><span class='ocrx_word' id='word_1_259' title='bbox 161 3376 280 3440; x_wconf 90' lang='lat' dir='ltr'><strong>diutius</strong></span> <span class='ocrx_word' id='word_1_260' title='bbox 306 3377 475 3440; x_wconf 82' lang='lat' dir='ltr'><strong>audiuntur</strong></span> <span class='ocrx_word' id='word_1_261' title='bbox 495 3375 550 3438; x_wconf 91' lang='lat' dir='ltr'><strong>ubi</strong></span> <span class='ocrx_word' id='word_1_262' title='bbox 575 3371 753 3461; x_wconf 65' lang='lat' dir='ltr'><strong>longissimi</strong></span> <span class='ocrx_word' id='word_1_263' title='bbox 776 3373 926 3436; x_wconf 80' lang='lat' dir='ltr'><strong>distamus</strong></span> <span class='ocrx_word' id='word_1_264' title='bbox 949 3395 967 3436; x_wconf 87' lang='lat' dir='ltr'><strong>a</strong></span> <span class='ocrx_word' id='word_1_265' title='bbox 989 3374 1170 3457; x_wconf 90' lang='lat' dir='ltr'><strong>corporibus</strong></span> <span class='ocrx_word' id='word_1_266' title='bbox 1193 3359 1322 3450; x_wconf 78' lang='lat' dir='ltr'><strong>sonoris,</strong></span> <span class='ocrx_word' id='word_1_267' title='bbox 1352 3373 1445 3459; x_wconf 68' lang='lat' dir='ltr'><strong>quim</strong></span> 
     </span>
     <span class='ocr_line' id='line_1_29' title="bbox 161 3461 1443 3565; baseline -0.003 -19"><span class='ocrx_word' id='word_1_268' title='bbox 161 3481 236 3546; x_wconf 85' lang='lat' dir='ltr'><strong>crim</strong></span> <span class='ocrx_word' id='word_1_269' title='bbox 250 3461 393 3565; x_wconf 73' lang='lat' dir='ltr'><strong>proxime</strong></span> <span class='ocrx_word' id='word_1_270' title='bbox 415 3481 571 3557; x_wconf 78' lang='lat' dir='ltr'><strong>absumus,</strong></span> <span class='ocrx_word' id='word_1_271' title='bbox 595 3490 680 3562; x_wconf 84' lang='lat' dir='ltr'><strong>patet</strong></span> <span class='ocrx_word' id='word_1_272' title='bbox 694 3501 736 3542; x_wconf 85' lang='lat' dir='ltr'><strong>ex</strong></span> <span class='ocrx_word' id='word_1_273' title='bbox 759 3475 933 3542; x_wconf 85' lang='lat' dir='ltr'><strong>Corollario</strong></span> <span class='ocrx_word' id='word_1_274' title='bbox 956 3478 1052 3562; x_wconf 89' lang='lat' dir='ltr'><strong>Prop.</strong></span> <span class='ocrx_word' id='word_1_275' title='bbox 1069 3478 1212 3542; x_wconf 89' lang='lat' dir='ltr'>XLVII.</span> <span class='ocrx_word' id='word_1_276' title='bbox 1237 3478 1326 3542; x_wconf 87' lang='lat' dir='ltr'><strong>Libri</strong></span> <span class='ocrx_word' id='word_1_277' title='bbox 1340 3478 1443 3562; x_wconf 86' lang='lat' dir='ltr'><strong>hujus.</strong></span> 
     </span>
    </p>
   </div>
   <div class='ocr_carea' id='block_1_5' title="bbox 163 3658 1442 3837">
    <p class='ocr_par' dir='ltr' id='par_1_6' title="bbox 163 3658 1442 3837">
     <span class='ocr_line' id='line_1_30' title="bbox 195 3658 1442 3760; baseline -0.01 -15"><span class='ocrx_word' id='word_1_278' title='bbox 195 3696 229 3760; x_wconf 69' lang='lat'><strong>(⁸)</strong></span> <span class='ocrx_word' id='word_1_279' title='bbox 242 3699 255 3727; x_wconf 68' lang='lat'><strong>⁴</strong></span> <span class='ocrx_word' id='word_1_280' title='bbox 268 3698 361 3744; x_wconf 78' lang='lat' dir='ltr'><strong>Invenit</strong></span> <span class='ocrx_word' id='word_1_281' title='bbox 376 3698 456 3758; x_wconf 77' lang='lat' dir='ltr'><strong>utique</strong></span> <span class='ocrx_word' id='word_1_282' title='bbox 472 3698 623 3744; x_wconf 63' lang='grc'><strong>1111100110</strong></span> <span class='ocrx_word' id='word_1_283' title='bbox 638 3691 664 3739; x_wconf 89' lang='lat' dir='ltr'><strong>in</strong></span> <span class='ocrx_word' id='word_1_284' title='bbox 683 3668 789 3742; x_wconf 70' lang='lat' dir='ltr'><strong>Historid</strong></span> <span class='ocrx_word' id='word_1_285' title='bbox 819 3705 932 3739; x_wconf 84' lang='lat' dir='ltr'><strong>numerus</strong></span> <span class='ocrx_word' id='word_1_286' title='bbox 955 3693 1016 3738; x_wconf 84' lang='grc'><strong>1070</strong></span> <span class='ocrx_word' id='word_1_287' title='bbox 1028 3703 1077 3749; x_wconf 85' lang='lat' dir='ltr'><strong>-per</strong></span> <span class='ocrx_word' id='word_1_288' title='bbox 1096 3693 1150 3743; x_wconf 79' lang='grc'><strong>943,</strong></span> <span class='ocrx_word' id='word_1_289' title='bbox 1172 3687 1248 3750; x_wconf 83' lang='lat' dir='ltr'><strong>prodit</strong></span> <span class='ocrx_word' id='word_1_290' title='bbox 1269 3658 1354 3748; x_wconf 68' lang='lat' dir='ltr'><strong>pulsusr</strong></span> <span class='ocrx_word' id='word_1_291' title='bbox 1369 3684 1442 3732; x_wconf 85' lang='lat' dir='ltr'><strong>unius</strong></span> 
     </span>
     <span class='ocr_line' id='line_1_31' title="bbox 163 3751 1441 3837; baseline -0.009 -15"><span class='ocrx_word' id='word_1_292' title='bbox 163 3760 239 3807; x_wconf 63' lang='lat' dir='ltr'><strong>Affld·</strong></span> <span class='ocrx_word' id='word_1_293' title='bbox 255 3761 344 3806; x_wconf 58' lang='lat' dir='ltr'><strong>selem·</strong></span> <span class='ocrx_word' id='word_1_294' title='bbox 356 3759 429 3807; x_wconf 58' lang='lat' dir='ltr'><strong>Pari*</strong></span> <span class='ocrx_word' id='word_1_295' title='bbox 442 3774 479 3806; x_wconf 77' lang='lat'><strong>⁸¹²·</strong></span> <span class='ocrx_word' id='word_1_296' title='bbox 496 3764 565 3806; x_wconf 80' lang='lat'><strong>17⁰⁰·</strong></span> <span class='ocrx_word' id='word_1_297' title='bbox 598 3833 602 3837; x_wconf 89' lang='lat'>.</span> <span class='ocrx_word' id='word_1_298' title='bbox 820 3767 920 3815; x_wconf 72' lang='lat' dir='ltr'><strong>latitudo</strong></span> <span class='ocrx_word' id='word_1_299' title='bbox 936 3765 988 3828; x_wconf 83' lang='lat' dir='ltr'><strong>ped.</strong></span> <span class='ocrx_word' id='word_1_300' title='bbox 1009 3765 1082 3826; x_wconf 71' lang='lat' dir='ltr'><strong>Beris·</strong></span> <span class='ocrx_word' id='word_1_301' title='bbox 1101 3751 1137 3832; x_wconf 64' lang='lat'><strong>4}</strong></span> <span class='ocrx_word' id='word_1_302' title='bbox 1155 3765 1251 3819; x_wconf 87' lang='lat' dir='ltr'><strong>circiter,</strong></span> <span class='ocrx_word' id='word_1_303' title='bbox 1270 3763 1294 3809; x_wconf 90' lang='lat' dir='ltr'><strong>id</strong></span> <span class='ocrx_word' id='word_1_304' title='bbox 1309 3773 1350 3819; x_wconf 80' lang='lat' dir='ltr'><strong>est,</strong></span> <span class='ocrx_word' id='word_1_305' title='bbox 1369 3762 1441 3824; x_wconf 76' lang='lat' dir='ltr'><strong>dupla</strong></span> 
     </span>
    </p>
   </div>
   <div class='ocr_carea' id='block_1_6' title="bbox 196 3828 1442 3925">
    <p class='ocr_par' dir='ltr' id='par_1_7' title="bbox 196 3828 1442 3925">
     <span class='ocr_line' id='line_1_32' title="bbox 196 3828 1442 3925; baseline -0.009 -41"><span class='ocrx_word' id='word_1_306' title='bbox 196 3861 231 3925; x_wconf 73' lang='lat' dir='ltr'><strong>(c)</strong></span> <span class='ocrx_word' id='word_1_307' title='bbox 243 3865 257 3892; x_wconf 66' lang='lat'>0</span> <span class='ocrx_word' id='word_1_308' title='bbox 271 3865 359 3911; x_wconf 57' lang='lat' dir='ltr'><strong>cm</strong></span> <span class='ocrx_word' id='word_1_309' title='bbox 370 3865 476 3918; x_wconf 53' lang='lat' dir='ltr'><strong>nom,</strong></span> <span class='ocrx_word' id='word_1_310' title='bbox 492 3864 538 3910; x_wconf 61' lang='lat' dir='ltr'><strong>hoc</strong></span> <span class='ocrx_word' id='word_1_311' title='bbox 547 3872 583 3910; x_wconf 57' lang='lat' dir='ltr'><strong>est</strong></span> <span class='ocrx_word' id='word_1_312' title='bbox 592 3871 687 3910; x_wconf 57' lang='lat' dir='ltr'><strong>mmm</strong></span> <span class='ocrx_word' id='word_1_313' title='bbox 699 3860 788 3908; x_wconf 43' lang='lat' dir='ltr'><strong>omma.</strong></span> <span class='ocrx_word' id='word_1_314' title='bbox 820 3831 910 3878; x_wconf 80' lang='lat' dir='ltr'><strong>circiter</strong></span> <span class='ocrx_word' id='word_1_315' title='bbox 920 3829 1042 3892; x_wconf 86' lang='lat' dir='ltr'><strong>longitudo</strong></span> <span class='ocrx_word' id='word_1_316' title='bbox 1053 3829 1144 3876; x_wconf 74' lang='lat' dir='ltr'><strong>fistule.</strong></span> <span class='ocrx_word' id='word_1_317' title='bbox 1173 3829 1218 3875; x_wconf 86' lang='lat' dir='ltr'><strong>Est</strong></span> <span class='ocrx_word' id='word_1_318' title='bbox 1225 3836 1303 3874; x_wconf 82' lang='lat' dir='ltr'><strong>eutem</strong></span> <span class='ocrx_word' id='word_1_319' title='bbox 1314 3829 1338 3872; x_wconf 91' lang='lat' dir='ltr'><strong>in</strong></span> <span class='ocrx_word' id='word_1_320' title='bbox 1349 3828 1442 3888; x_wconf 82' lang='lat' dir='ltr'><strong>organis</strong></span> 
     </span>
    </p>
   </div>
   <div class='ocr_carea' id='block_1_7' title="bbox 157 3891 1442 4724">
    <p class='ocr_par' dir='ltr' id='par_1_8' title="bbox 159 3891 1441 4226">
     <span class='ocr_line' id='line_1_33' title="bbox 174 3891 1440 3947; baseline -0.007 -2"><span class='ocrx_word' id='word_1_321' title='bbox 174 3924 181 3936; x_wconf 86' lang='lat'><strong>·</strong></span> <span class='ocrx_word' id='word_1_322' title='bbox 290 3927 296 3937; x_wconf 89' lang='lat'>·</span> <span class='ocrx_word' id='word_1_323' title='bbox 420 3927 425 3937; x_wconf 84' lang='lat'>·</span> <span class='ocrx_word' id='word_1_324' title='bbox 566 3927 573 3938; x_wconf 83' lang='lat'><strong>·</strong></span> <span class='ocrx_word' id='word_1_325' title='bbox 770 3927 776 3936; x_wconf 87' lang='lat'><em>-</em></span> <span class='ocrx_word' id='word_1_326' title='bbox 836 3895 973 3942; x_wconf 79' lang='lat' dir='ltr'><strong>neumaticis</strong></span> <span class='ocrx_word' id='word_1_327' title='bbox 991 3893 1068 3940; x_wconf 82' lang='lat' dir='ltr'><strong>fistulo</strong></span> <span class='ocrx_word' id='word_1_328' title='bbox 1084 3909 1098 3938; x_wconf 86' lang='lat' dir='ltr'><strong>a</strong></span> <span class='ocrx_word' id='word_1_329' title='bbox 1127 3903 1168 3947; x_wconf 81' lang='lat' dir='ltr'><strong>rra,</strong></span> <span class='ocrx_word' id='word_1_330' title='bbox 1202 3907 1239 3938; x_wconf 81' lang='lat' dir='ltr'><strong>uae</strong></span> <span class='ocrx_word' id='word_1_331' title='bbox 1271 3891 1440 3937; x_wconf 75' lang='grc'><strong>0101111000-</strong></span> 
     </span>
     <span class='ocr_line' id='line_1_34' title="bbox 161 3907 1441 4037; baseline 0 -35"><span class='ocrx_word' id='word_1_332' title='bbox 161 3934 239 4035; x_wconf 50' lang='lat'><strong>“033</strong></span> <span class='ocrx_word' id='word_1_333' title='bbox 249 3941 279 4000; x_wconf 73' lang='lat'><strong>⁰.¹</strong></span> <span class='ocrx_word' id='word_1_334' title='bbox 289 3935 325 3972; x_wconf 62' lang='lat'><strong>¹²¹¹</strong></span> <span class='ocrx_word' id='word_1_335' title='bbox 339 3926 609 4037; x_wconf 46' lang='grc' dir='ltr'><strong>εῒῦἒῗᾛῗῗωροῗῒῦ</strong></span> <span class='ocrx_word' id='word_1_336' title='bbox 626 3935 730 4037; x_wconf 50' lang='grc' dir='ltr'><strong>Ἓωρὲἱὲ</strong></span> <span class='ocrx_word' id='word_1_337' title='bbox 743 3941 789 3971; x_wconf 69' lang='lat' dir='ltr'><strong>m&#39;</strong></span> <span class='ocrx_word' id='word_1_338' title='bbox 819 3910 875 4006; x_wconf 73' lang='lat' dir='ltr'><strong>iiori</strong></span> <span class='ocrx_word' id='word_1_339' title='bbox 885 3967 909 4005; x_wconf 88' lang='lat' dir='ltr'><strong>et</strong></span> <span class='ocrx_word' id='word_1_340' title='bbox 919 3957 994 4004; x_wconf 83' lang='lat' dir='ltr'><strong>latiori</strong></span> <span class='ocrx_word' id='word_1_341' title='bbox 1013 3909 1126 4015; x_wconf 67' lang='lat' dir='ltr'><strong>errtrernb,e</strong></span> <span class='ocrx_word' id='word_1_342' title='bbox 1142 3907 1207 4004; x_wconf 59' lang='lat' dir='ltr'><strong>uitelli</strong></span> <span class='ocrx_word' id='word_1_343' title='bbox 1223 3909 1270 4017; x_wconf 69' lang='lat' dir='ltr'><strong>quii</strong></span> <span class='ocrx_word' id='word_1_344' title='bbox 1285 3955 1324 4000; x_wconf 81' lang='lat' dir='ltr'><strong>aiir</strong></span> <span class='ocrx_word' id='word_1_345' title='bbox 1339 3907 1441 4002; x_wconf 68' lang='lat' dir='ltr'><strong>fistulim</strong></span> 
     </span>
     <span class='ocr_line' id='line_1_35' title="bbox 159 3999 1441 4102; baseline -0.002 -34"><span class='ocrx_word' id='word_1_346' title='bbox 159 4003 197 4098; x_wconf 49' lang='lat'><strong>3¹¹¹</strong></span> <span class='ocrx_word' id='word_1_347' title='bbox 235 4005 368 4101; x_wconf 57' lang='lat' dir='ltr'><strong>offim</strong></span> <span class='ocrx_word' id='word_1_348' title='bbox 384 4005 459 4100; x_wconf 49' lang='grc' dir='ltr'><strong>,ζώ</strong></span> <span class='ocrx_word' id='word_1_349' title='bbox 474 3999 547 4102; x_wconf 43' lang='grc' dir='ltr'><strong>,1ζῶ</strong></span> <span class='ocrx_word' id='word_1_350' title='bbox 560 4005 682 4102; x_wconf 44' lang='lat'><strong>„5213</strong></span> <span class='ocrx_word' id='word_1_351' title='bbox 696 4003 786 4100; x_wconf 47' lang='lat' dir='ltr'><strong>“gfff</strong></span> <span class='ocrx_word' id='word_1_352' title='bbox 817 4021 952 4084; x_wconf 68' lang='lat' dir='ltr'><strong>ingreditur,</strong></span> <span class='ocrx_word' id='word_1_353' title='bbox 964 4020 1076 4082; x_wconf 80' lang='lat' dir='ltr'><strong>opposito.</strong></span> <span class='ocrx_word' id='word_1_354' title='bbox 1114 4021 1139 4068; x_wconf 77' lang='lat' dir='ltr'><strong>si</strong></span> <span class='ocrx_word' id='word_1_355' title='bbox 1149 4019 1284 4068; x_wconf 70' lang='lat' dir='ltr'><strong>occludatur</strong></span> <span class='ocrx_word' id='word_1_356' title='bbox 1300 4017 1384 4073; x_wconf 67' lang='lat' dir='ltr'><strong>ustura,</strong></span> <span class='ocrx_word' id='word_1_357' title='bbox 1401 4031 1441 4065; x_wconf 72' lang='lat' dir='ltr'><strong>oc.</strong></span> 
     </span>
     <span class='ocr_line' id='line_1_36' title="bbox 161 4116 786 4188; baseline 0 -25"><span class='ocrx_word' id='word_1_358' title='bbox 161 4117 238 4188; x_wconf 74' lang='lat' dir='ltr'><strong>tiones</strong></span> <span class='ocrx_word' id='word_1_359' title='bbox 250 4121 294 4164; x_wconf 87' lang='lat'><strong>101</strong></span> <span class='ocrx_word' id='word_1_360' title='bbox 306 4117 343 4165; x_wconf 82' lang='lat' dir='ltr'><strong>vel</strong></span> <span class='ocrx_word' id='word_1_361' title='bbox 356 4122 400 4164; x_wconf 87' lang='grc'><strong>109</strong></span> <span class='ocrx_word' id='word_1_362' title='bbox 412 4132 455 4178; x_wconf 85' lang='lat' dir='ltr'><strong>pro</strong></span> <span class='ocrx_word' id='word_1_363' title='bbox 464 4117 569 4180; x_wconf 83' lang='lat' dir='ltr'><strong>ejusdem</strong></span> <span class='ocrx_word' id='word_1_364' title='bbox 580 4116 664 4164; x_wconf 77' lang='lat' dir='ltr'><strong>lismlae</strong></span> <span class='ocrx_word' id='word_1_365' title='bbox 674 4131 732 4164; x_wconf 86' lang='lat' dir='ltr'><strong>sono</strong></span> <span class='ocrx_word' id='word_1_366' title='bbox 743 4130 786 4177; x_wconf 79' lang='lat' dir='ltr'><strong>po·</strong></span> 
     </span>
     <span class='ocr_line' id='line_1_37' title="bbox 160 4187 216 4226; baseline 0 -1"><span class='ocrx_word' id='word_1_367' title='bbox 160 4187 216 4226; x_wconf 77' lang='lat' dir='ltr'><strong>surt-</strong></span> 
     </span>
    </p>

    <p class='ocr_par' dir='ltr' id='par_1_9' title="bbox 157 4277 1442 4724">
     <span class='ocr_line' id='line_1_38' title="bbox 194 4277 786 4341; baseline -0.003 -13"><span class='ocrx_word' id='word_1_368' title='bbox 194 4277 227 4341; x_wconf 62' lang='lat' dir='ltr'><strong>(d)</strong></span> <span class='ocrx_word' id='word_1_369' title='bbox 240 4282 254 4310; x_wconf 80' lang='grc'>*</span> <span class='ocrx_word' id='word_1_370' title='bbox 271 4282 473 4330; x_wconf 79' lang='lat' dir='ltr'><strong>Undenerosimile</strong></span> <span class='ocrx_word' id='word_1_371' title='bbox 487 4290 528 4337; x_wconf 76' lang='lat' dir='ltr'><strong>ert,</strong></span> <span class='ocrx_word' id='word_1_372' title='bbox 544 4282 586 4327; x_wconf 79' lang='grc'><strong>810.</strong></span> <span class='ocrx_word' id='word_1_373' title='bbox 618 4279 685 4327; x_wconf 86' lang='lat' dir='ltr'><strong>Idem</strong></span> <span class='ocrx_word' id='word_1_374' title='bbox 701 4279 786 4327; x_wconf 81' lang='lat' dir='ltr'><strong>contir-</strong></span> 
     </span>
     <span class='ocr_line' id='line_1_39' title="bbox 162 4343 786 4408; baseline 0.003 -20"><span class='ocrx_word' id='word_1_375' title='bbox 162 4352 242 4388; x_wconf 73' lang='lat' dir='ltr'><strong>matur</strong></span> <span class='ocrx_word' id='word_1_376' title='bbox 260 4343 307 4390; x_wconf 79' lang='lat' dir='ltr'><strong>elio</strong></span> <span class='ocrx_word' id='word_1_377' title='bbox 321 4346 479 4403; x_wconf 82' lang='lat' dir='ltr'><strong>experimento</strong></span> <span class='ocrx_word' id='word_1_378' title='bbox 496 4345 599 4408; x_wconf 87' lang='lat' dir='ltr'><strong>ejusdem</strong></span> <span class='ocrx_word' id='word_1_379' title='bbox 620 4345 653 4390; x_wconf 89' lang='lat' dir='ltr'><strong>D.</strong></span> <span class='ocrx_word' id='word_1_380' title='bbox 674 4345 786 4400; x_wconf 81' lang='lat' dir='ltr'><strong>Seureur,</strong></span> 
     </span>
     <span class='ocr_line' id='line_1_40' title="bbox 160 4403 1244 4471; baseline 0.002 -21"><span class='ocrx_word' id='word_1_381' title='bbox 160 4406 203 4466; x_wconf 87' lang='lat' dir='ltr'><strong>qui</strong></span> <span class='ocrx_word' id='word_1_382' title='bbox 214 4405 266 4452; x_wconf 90' lang='lat' dir='ltr'><strong>loco</strong></span> <span class='ocrx_word' id='word_1_383' title='bbox 282 4422 336 4453; x_wconf 84' lang='lat' dir='ltr'><strong>mox</strong></span> <span class='ocrx_word' id='word_1_384' title='bbox 353 4408 423 4454; x_wconf 74' lang='lat' dir='ltr'><strong>citato</strong></span> <span class='ocrx_word' id='word_1_385' title='bbox 438 4409 526 4455; x_wconf 84' lang='lat' dir='ltr'><strong>invenit</strong></span> <span class='ocrx_word' id='word_1_386' title='bbox 539 4408 601 4471; x_wconf 88' lang='lat' dir='ltr'><strong>quod</strong></span> <span class='ocrx_word' id='word_1_387' title='bbox 612 4407 690 4454; x_wconf 78' lang='lat' dir='ltr'><strong>fistula</strong></span> <span class='ocrx_word' id='word_1_388' title='bbox 700 4417 786 4468; x_wconf 74' lang='lat' dir='ltr'><strong>apertu,</strong></span> <span class='ocrx_word' id='word_1_389' title='bbox 1013 4403 1244 4454; x_wconf 86' lang='lat' dir='ltr'><strong>PROPOSITIO.</strong></span> 
     </span>
     <span class='ocr_line' id='line_1_41' title="bbox 160 4469 788 4532; baseline 0.002 -17"><span class='ocrx_word' id='word_1_390' title='bbox 160 4469 231 4530; x_wconf 83' lang='lat' dir='ltr'><strong>cujus</strong></span> <span class='ocrx_word' id='word_1_391' title='bbox 248 4470 373 4532; x_wconf 85' lang='lat' dir='ltr'><strong>longitudo</strong></span> <span class='ocrx_word' id='word_1_392' title='bbox 389 4479 424 4517; x_wconf 86' lang='lat' dir='ltr'><strong>est</strong></span> <span class='ocrx_word' id='word_1_393' title='bbox 443 4471 530 4531; x_wconf 82' lang='lat' dir='ltr'><strong>pedum</strong></span> <span class='ocrx_word' id='word_1_394' title='bbox 552 4471 718 4518; x_wconf 84' lang='lat' dir='ltr'><strong>Purisiensium</strong></span> <span class='ocrx_word' id='word_1_395' title='bbox 734 4470 788 4530; x_wconf 86' lang='lat' dir='ltr'><strong>plus</strong></span> 
     </span>
     <span class='ocr_line' id='line_1_42' title="bbox 161 4528 1442 4596; baseline -0.002 -18"><span class='ocrx_word' id='word_1_396' title='bbox 161 4534 283 4587; x_wconf 72' lang='grc'><strong>11110009,</strong></span> <span class='ocrx_word' id='word_1_397' title='bbox 303 4549 388 4580; x_wconf 81' lang='lat' dir='ltr'><strong>sonum</strong></span> <span class='ocrx_word' id='word_1_398' title='bbox 407 4533 456 4581; x_wconf 85' lang='lat' dir='ltr'><strong>edit</strong></span> <span class='ocrx_word' id='word_1_399' title='bbox 471 4534 575 4596; x_wconf 84' lang='lat' dir='ltr'><strong>ejusdem</strong></span> <span class='ocrx_word' id='word_1_400' title='bbox 591 4536 640 4581; x_wconf 89' lang='lat' dir='ltr'><strong>toni</strong></span> <span class='ocrx_word' id='word_1_401' title='bbox 658 4549 713 4581; x_wconf 89' lang='lat' dir='ltr'><strong>cum</strong></span> <span class='ocrx_word' id='word_1_402' title='bbox 730 4530 797 4580; x_wconf 87' lang='lat' dir='ltr'><strong>sono‘</strong></span> <span class='ocrx_word' id='word_1_403' title='bbox 853 4540 909 4582; x_wconf 85' lang='grc'><strong>390.</strong></span> <span class='ocrx_word' id='word_1_404' title='bbox 935 4533 1012 4582; x_wconf 85' lang='lat' dir='ltr'><strong>Sonus</strong></span> <span class='ocrx_word' id='word_1_405' title='bbox 1029 4532 1154 4594; x_wconf 78' lang='lat' dir='ltr'><strong>percipitur</strong></span> <span class='ocrx_word' id='word_1_406' title='bbox 1170 4538 1281 4594; x_wconf 77' lang='lat' dir='ltr'><strong>tanquam</strong></span> <span class='ocrx_word' id='word_1_407' title='bbox 1300 4544 1328 4577; x_wconf 85' lang='lat' dir='ltr'><strong>ex</strong></span> <span class='ocrx_word' id='word_1_408' title='bbox 1345 4545 1374 4577; x_wconf 90' lang='lat' dir='ltr'><strong>eo</strong></span> <span class='ocrx_word' id='word_1_409' title='bbox 1390 4528 1442 4576; x_wconf 83' lang='lat' dir='ltr'><strong>loco</strong></span> 
     </span>
     <span class='ocr_line' id='line_1_43' title="bbox 158 4594 1441 4660; baseline -0.002 -17"><span class='ocrx_word' id='word_1_410' title='bbox 158 4594 253 4652; x_wconf 79' lang='lat' dir='ltr'><strong>chordae</strong></span> <span class='ocrx_word' id='word_1_411' title='bbox 263 4611 316 4658; x_wconf 82' lang='lat' dir='ltr'><strong>quae</strong></span> <span class='ocrx_word' id='word_1_412' title='bbox 332 4603 380 4644; x_wconf 80' lang='grc'><strong>943</strong></span> <span class='ocrx_word' id='word_1_413' title='bbox 396 4597 551 4645; x_wconf 70' lang='grc' dir='ltr'><strong>0001110110οω</strong></span> <span class='ocrx_word' id='word_1_414' title='bbox 568 4598 668 4660; x_wconf 82' lang='lat' dir='ltr'><strong>integras</strong></span> <span class='ocrx_word' id='word_1_415' title='bbox 683 4607 786 4657; x_wconf 81' lang='lat' dir='ltr'><strong>tempore</strong></span> <span class='ocrx_word' id='word_1_416' title='bbox 818 4600 945 4659; x_wconf 86' lang='lat' dir='ltr'><strong>procedens</strong></span> <span class='ocrx_word' id='word_1_417' title='bbox 956 4612 984 4644; x_wconf 86' lang='lat' dir='ltr'><strong>ex</strong></span> <span class='ocrx_word' id='word_1_418' title='bbox 996 4613 1043 4658; x_wconf 90' lang='lat' dir='ltr'><strong>quo</strong></span> <span class='ocrx_word' id='word_1_419' title='bbox 1052 4599 1118 4659; x_wconf 79' lang='lat' dir='ltr'><strong>quasi</strong></span> <span class='ocrx_word' id='word_1_420' title='bbox 1134 4606 1213 4643; x_wconf 82' lang='lat' dir='ltr'><strong>centro</strong></span> <span class='ocrx_word' id='word_1_421' title='bbox 1229 4595 1310 4656; x_wconf 82' lang='lat' dir='ltr'><strong>pulsus</strong></span> <span class='ocrx_word' id='word_1_422' title='bbox 1320 4595 1378 4642; x_wconf 78' lang='lat' dir='ltr'><strong>u&#39;eris</strong></span> <span class='ocrx_word' id='word_1_423' title='bbox 1388 4607 1441 4654; x_wconf 92' lang='lat' dir='ltr'><strong>pro-</strong></span> 
     </span>
     <span class='ocr_line' id='line_1_44' title="bbox 157 4657 1230 4724; baseline 0 -18"><span class='ocrx_word' id='word_1_424' title='bbox 157 4658 246 4706; x_wconf 87' lang='lat' dir='ltr'><strong>minuti</strong></span> <span class='ocrx_word' id='word_1_425' title='bbox 257 4661 328 4708; x_wconf 86' lang='lat' dir='ltr'><strong>unius</strong></span> <span class='ocrx_word' id='word_1_426' title='bbox 338 4661 434 4708; x_wconf 89' lang='lat' dir='ltr'><strong>secundi</strong></span> <span class='ocrx_word' id='word_1_427' title='bbox 444 4661 538 4722; x_wconf 84' lang='lat' dir='ltr'><strong>perficit.</strong></span> <span class='ocrx_word' id='word_1_428' title='bbox 565 4661 787 4710; x_wconf 79' lang='lat' dir='ltr'><strong>Undesidiridntur</strong></span> <span class='ocrx_word' id='word_1_429' title='bbox 818 4672 940 4724; x_wconf 72' lang='lat' dir='ltr'><strong>pugnatur.</strong></span> <span class='ocrx_word' id='word_1_430' title='bbox 977 4657 1230 4721; x_wconf 75' lang='lat' dir='ltr'><strong>Constaturperieutiri.</strong></span> 
     </span>
    </p>
   </div>
   <div class='ocr_carea' id='block_1_8' title="bbox 777 4742 828 4792">
    <p class='ocr_par' dir='ltr' id='par_1_10' title="bbox 777 4742 828 4792">
     <span class='ocr_line' id='line_1_45' title="bbox 777 4742 828 4792; baseline 0.02 -1"><span class='ocrx_word' id='word_1_431' title='bbox 777 4742 828 4792; x_wconf 77' lang='grc' dir='ltr'>Ἠ</span> 
     </span>
    </p>
   </div>
   <div class='ocr_carea' id='block_1_9' title="bbox 817 4084 1440 4276">
    <p class='ocr_par' dir='ltr' id='par_1_11' title="bbox 817 4084 1440 4276">
     <span class='ocr_line' id='line_1_46' title="bbox 817 4084 1055 4148; baseline -0.008 -15"><span class='ocrx_word' id='word_1_432' title='bbox 817 4084 871 4133; x_wconf 73' lang='lat' dir='ltr'><strong>turri</strong></span> <span class='ocrx_word' id='word_1_433' title='bbox 878 4086 972 4148; x_wconf 78' lang='lat' dir='ltr'><strong>gravius</strong></span> <span class='ocrx_word' id='word_1_434' title='bbox 981 4093 1055 4132; x_wconf 79' lang='lat' dir='ltr'><strong>sonet.</strong></span> 
     </span>
     <span class='ocr_line' id='line_1_47' title="bbox 851 4142 1440 4212; baseline -0.008 -16"><span class='ocrx_word' id='word_1_435' title='bbox 851 4151 910 4196; x_wconf 87' lang='lat' dir='ltr'><strong>Huc</strong></span> <span class='ocrx_word' id='word_1_436' title='bbox 920 4163 994 4212; x_wconf 83' lang='lat' dir='ltr'><strong>usque</strong></span> <span class='ocrx_word' id='word_1_437' title='bbox 1003 4148 1034 4194; x_wconf 87' lang='lat' dir='ltr'><strong>de</strong></span> <span class='ocrx_word' id='word_1_438' title='bbox 1041 4163 1098 4196; x_wconf 80' lang='lat' dir='ltr'><strong>sono</strong></span> <span class='ocrx_word' id='word_1_439' title='bbox 1108 4146 1196 4196; x_wconf 86' lang='lat' dir='ltr'><strong>directo</strong></span> <span class='ocrx_word' id='word_1_440' title='bbox 1206 4147 1274 4209; x_wconf 77' lang='lat' dir='ltr'><strong>pluro</strong></span> <span class='ocrx_word' id='word_1_441' title='bbox 1283 4145 1393 4204; x_wconf 84' lang='lat' dir='ltr'><strong>diximus,</strong></span> <span class='ocrx_word' id='word_1_442' title='bbox 1409 4142 1440 4192; x_wconf 83' lang='lat' dir='ltr'><strong>de</strong></span> 
     </span>
     <span class='ocr_line' id='line_1_48' title="bbox 817 4211 1218 4276; baseline -0.002 -15"><span class='ocrx_word' id='word_1_443' title='bbox 817 4212 904 4261; x_wconf 80' lang='lat' dir='ltr'><strong>reflexo</strong></span> <span class='ocrx_word' id='word_1_444' title='bbox 914 4228 988 4274; x_wconf 74' lang='lat' dir='ltr'><strong>pauco</strong></span> <span class='ocrx_word' id='word_1_445' title='bbox 998 4211 1146 4276; x_wconf 76' lang='lat' dir='ltr'><strong>adjungenda</strong></span> <span class='ocrx_word' id='word_1_446' title='bbox 1156 4222 1218 4260; x_wconf 78' lang='lat' dir='ltr'><strong>sunt.</strong></span> 
     </span>
    </p>
   </div>
   <div class='ocr_carea' id='block_1_10' title="bbox 0 0 1722 5500">
    <p class='ocr_par' dir='ltr' id='par_1_12' title="bbox 0 0 1722 5500">
     <span class='ocr_line' id='line_1_49' title="bbox 0 0 1722 5500; baseline 0 6"><span class='ocrx_word' id='word_1_447' title='bbox 0 0 1722 5500; x_wconf 95' lang='lat' dir='ltr'><strong> </strong></span> 
     </span>
    </p>
   </div>
  </div>
 </body>
</html>
