3434 5500
169 333 459 472 aisiamenta]
492 381 733 450 rumonus
757 381 1132 453 narnnnsrrca.
1390 397 1462 474 aas
1491 474 1493 479 ,

168 554 319 633 haereant,
335 555 467 639 perinde
481 567 518 620 ut
530 555 565 620 in
574 555 698 622 scholio
709 557 938 642 Propositionis
952 559 1159 642 praecedentis
1170 559 1317 643 exposui,
1345 561 1462 648 Agitur

112 671 115 676 '
168 663 250 726 enim
266 663 516 748 insequentibus
532 663 572 727 de
587 664 761 728 resistentib
772 666 914 729 omnium
924 665 1051 728 minimi
1063 688 1157 751 quam
1168 688 1304 751 corpora
1313 668 1459 748 rotunda,

167 771 248 843 datis
263 771 408 834 maximis
423 767 612 836 sectionibus
627 772 810 836 transversis
825 771 990 856 descripta,
1006 772 1122 836 habere
1136 766 1278 856 possunt

213 881 356 963 Corpora
369 879 474 942 fluidis
489 879 679 957 innatantia,
695 881 750 944 ubi
771 893 936 945 moventur
950 881 983 943 in
998 880 1159 958 directum,
1184 881 1324 945 efficiunt
1337 893 1373 947 ut
1386 882 1458 947 flui-

167 985 245 1050 dum
268 985 311 1050 ad
335 998 457 1069 partem
481 985 615 1049 anticam
640 987 796 1064 ascendat,
824 987 864 1050 ad
885 987 1036 1071 posticam
1063 987 1211 1064 subsidat,
1237 991 1460 1073 praesertimsi
1561 1019 1567 1034 ·

166 1094 269 1181 ligura
284 1093 347 1156 sint
363 1093 490 1170 obtusa3
517 1106 548 1157 et
559 1094 642 1158 inde
664 1095 871 1158 resistentiam
892 1095 987 1178 paulo
1001 1096 1151 1179 majorem
1165 1097 1302 1161 sentiunt
1316 1095 1410 1182 quim
1431 1098 1466 1164 si

167 1199 268 1282 capite
285 1211 317 1262 et
331 1197 430 1262 caudi
446 1199 508 1262 sint
522 1200 630 1265 acutis.
660 1200 719 1264 -Et
740 1222 873 1285 corpora
898 1203 931 1264 in
952 1202 1056 1294 fluidis
1078 1203 1210 1268 elasticis
1225 1219 1321 1283 mota,
1344 1207 1370 1269 si
1385 1218 1458 1272 ante

168 1324 199 1376 et
213 1323 288 1395 post
302 1312 414 1375 obtusa
428 1311 498 1388 sint,
515 1312 647 1375 fluidum
661 1312 756 1396 paulo
770 1313 870 1399 magis
885 1315 1077 1378 condensant
1090 1315 1131 1378 ad
1146 1316 1280 1379 anticam
1290 1329 1412 1400 partem
1426 1329 1458 1382 et

167 1421 264 1505 paulo
278 1421 379 1507 magis
399 1419 540 1483 relaxant
562 1420 602 1484 ad
623 1421 792 1503 posticam3
818 1435 850 1486 et
871 1422 944 1486 inde
965 1423 1171 1486 resistentiam
1190 1423 1286 1506 paulo
1306 1427 1457 1508 majorem

168 1535 303 1598 sentiunt
318 1555 412 1618 quam
426 1533 453 1595 si
467 1532 568 1616 capite
584 1544 615 1596 et
629 1531 727 1596 caudi
745 1533 806 1597 sint
820 1535 928 1598 acutis.
976 1522 1040 1598 'sed
1054 1556 1111 1596 nos
1126 1535 1159 1596 in
1174 1532 1222 1598 his
1238 1535 1410 1599 Lemmatis
1424 1548 1457 1600 et

169 1639 440 1724 Propositionibus
455 1640 655 1728 nonyagimns
670 1639 710 1704 de
724 1641 827 1704 fluidis
842 1641 986 1719 elesticis,
1009 1641 1066 1705 sed
1080 1641 1121 1706 de
1135 1663 1203 1706 non
1218 1643 1350 1708 elasticis
1358 1669 1368 1720 3
1389 1667 1457 1708 non

170 1747 209 1810 de
224 1745 429 1810 insidentibus
440 1745 548 1823 fluido,
563 1739 619 1810 sed
635 1746 675 1810 de
690 1745 751 1810 alte
765 1747 928 1813 immersis.
974 1749 1017 1813 Et
1031 1750 1085 1812 ubi
1099 1749 1274 1815 resistentia
1288 1774 1456 1836 corporum

168 1856 201 1918 in
213 1855 317 1918 fluidis
332 1876 397 1917 non
409 1853 541 1918 clasticis
553 1853 727 1940 innotescit,
744 1855 888 1942 augenda
898 1855 957 1918 erit
966 1855 1036 1918 haec
1046 1857 1220 1920 resistentia
1230 1857 1456 1944 aliquantulum

169 1977 233 2028 tam
247 1964 282 2026 in
301 1963 405 2027 fluidis
425 1962 575 2039 elasticis3
598 1961 696 2047 qualis
718 1974 764 2026 ast
785 1965 848 2040 a'e'r,
877 1961 970 2048 quiem
990 1964 1023 2026 in
1042 1965 1263 2049 superficiebus
1288 1965 1456 2030 fluidorum

169 2070 386 2158 stagnantium,
405 2069 507 2155 qualia
522 2081 595 2134 sunt
608 2069 706 2164 maria
720 2082 751 2134 et
764 2069 904 2155 paludes.
1445 2064 1449 2068 ⁴

331 2325 614 2393 PROPOSITIO
637 2325 840 2394 XXXVIII.
887 2327 1158 2395 THEOREMA
1180 2329 1297 2396 XXX.
1340 2356 1345 2365 s

172 2501 270 2582 Grati,
292 2507 326 2566 in
333 2505 439 2590 fluido
453 2525 615 2586 compresso
630 2505 751 2586 infinito
766 2514 795 2566 et
808 2524 870 2566 non
884 2505 1005 2566 elastico
1018 2503 1210 2586 crifformr‘ter
1218 2504 1454 2585 progredientis,

209 2612 379 2674 resistentia
394 2620 437 2673 est
451 2614 494 2674 ad
507 2613 566 2674 nim
581 2609 640 2694 qud
655 2621 732 2674 totus
748 2609 809 2693 ejas
822 2620 925 2686 notras,
942 2631 1000 2693 qao
1013 2619 1222 2692 temporegocto
1231 2611 1339 2672 tertias
1348 2622 1456 2692 partes

210 2719 352 2789 diametri
365 2739 426 2781 sua
440 2719 589 2796 describit,
612 2721 741 2783 adtolli
755 2721 853 2802 possit
868 2722 915 2785 nei
924 2719 1080 2803 generari,
1101 2726 1136 2782 nt
1151 2721 1283 2783 densitas
1290 2719 1394 2805 fluidi
1414 2723 1458 2783 ad

211 2831 389 2893 densitatem
400 2830 484 2915 gladi
498 2827 729 2915 quamproaimi.

165 3072 167 3077 ,
210 3002 245 3086 (⁸)
261 3000 345 3066 Nam
367 3003 480 3089 globus
500 3014 549 3067 est
570 3004 611 3067 ad
630 3003 807 3091 cylindrum
828 3002 1097 3087 circumscriptum
1118 3014 1154 3065 ut
1174 3002 1239 3066 duo
1259 3003 1300 3067 ad
1323 3004 1383 3066 tria
1390 3027 1399 3079 ;
1425 3015 1457 3067 et

166 3122 334 3194 propterea
348 3111 393 3175 vis
408 3111 471 3188 illa,
488 3134 560 3197 quae
575 3112 685 3177 tollere
697 3113 797 3196 possit
809 3123 930 3175 motum
944 3134 1070 3175 omnem
1088 3111 1219 3195 cylindri
1241 3113 1360 3176 interea
1380 3094 1459 3196 duni

166 3216 326 3301 cylindrus
352 3216 507 3282 describat
529 3216 759 3305 longitudinem
788 3230 922 3307 quatuor
951 3216 1184 3294 diametrorum,
1216 3217 1304 3304 globi
1332 3232 1455 3283 motum

167 3348 294 3391 omnem
308 3326 396 3390 tollet
411 3327 531 3391 interea
545 3327 621 3391 dum
636 3328 749 3414 globus
772 3327 929 3391 describat
942 3327 1020 3389 duas
1034 3326 1141 3390 tertias
1151 3337 1256 3409 partes
1277 3325 1370 3413 hujus
1385 3328 1455 3418 lon-

164 3433 330 3519 gitudinis,
341 3433 373 3496 id
389 3446 444 3511 est,
462 3446 532 3498 octo
546 3420 653 3498 tertias
668 3446 772 3518 partes
787 3433 931 3497 diametri
944 3432 1091 3516 propriae.
1137 3432 1326 3495 Resistentia
1348 3446 1451 3497 autem

158 3542 301 3627 cylindri
316 3554 364 3607 est
383 3543 424 3606 ad
444 3543 527 3608 hanc
550 3544 614 3607 vim
638 3542 876 3629 quamproxime
890 3554 925 3606 ut
939 3543 1075 3606 densitas
1097 3542 1187 3605 fluidi
1208 3543 1249 3606 ad
1272 3543 1456 3608 densitatem

165 3651 299 3735 cylindri
313 3651 362 3714 vel
376 3650 463 3737 globi
477 3674 534 3735 per
550 3652 645 3736 Prop.
662 3652 848 3717 XXXVII.
865 3664 897 3717 et
911 3653 1086 3717 resistentia
1099 3653 1187 3739 globi
1201 3654 1329 3740 aqualis
1344 3666 1392 3719 est
1405 3677 1456 3720 re-

165 3762 312 3826 sistentiae
328 3762 460 3847 cylindri
474 3784 531 3846 per
547 3763 635 3827 Lem.
652 3764 692 3826 V.
706 3764 764 3827 Vl.
782 3762 861 3829 VII.
909 3763 951 3838 Q.
968 3786 995 3827 e.
1011 3762 1042 3826 d.

209 3871 244 3955 (i)
260 3872 362 3934 Corol.
381 3878 408 3932 l.
438 3870 625 3949 Globorum,
649 3870 682 3933 in
697 3870 807 3934 mediis
822 3870 1008 3953 compressis
1023 3840 1162 3948 infinitis,
1186 3871 1368 3937 resistentiae
1383 3887 1456 3938 sunt

198 4044 230 4111 (⁸)
243 4049 396 4108 Nnmglcbns
406 4045 480 4097 estad
491 4048 620 4110 cylindrum
637 4046 797 4106 etrcamrctp·
829 4043 895 4107 globi
909 4050 989 4090 motus
1003 4041 1149 4089 intereadum
1160 4052 1214 4090 octo
1230 4042 1308 4089 tertias
1317 4052 1394 4103 partes
1405 4042 1456 4088 dia·

165 4120 217 4159 tum
228 4120 257 4159 ut
268 4116 313 4159 duo
325 4114 356 4159 ad
366 4114 412 4159 tria
429 4116 496 4174 (170.
512 4111 564 4157 Lib.
577 4110 612 4171 I.)
630 4120 654 4155 et
670 4118 796 4170 propterea,
829 4107 898 4154 metri
914 4106 1013 4167 propria
1029 4104 1136 4153 describit
1151 4106 1201 4152 tolli
1213 4108 1285 4166 possit
1295 4107 1330 4153 vel
1342 4106 1454 4169 generari,

166 4190 221 4221 cum
232 4174 315 4221 eadem
326 4174 356 4221 sit
366 4174 431 4236 globi
443 4184 465 4221 et
477 4174 576 4235 cylindri
588 4173 688 4219 densitas
705 4171 797 4219 eadem·
830 4180 865 4217 est
876 4169 906 4216 ad
917 4170 964 4216 vim
974 4168 1113 4217 uniformem
1124 4169 1171 4231 qud
1182 4179 1246 4218 totus
1255 4170 1353 4232 cylindri
1369 4180 1453 4223 motus,

166 4235 797 4350 ‘¹¹¹5:immittitIt²⁸¹¹tttrmt⁰tt¹⁰i
828 4232 1455 4346 tttttttt⁰ttt1l³ttttttffi³ttttt

166 4317 226 4421 iiia*
238 4317 374 4425 etqyeagpug
392 4317 613 4429 quomglldbsuscyolcto
629 4365 707 4411 tardas
722 4372 797 4424 partes
828 4315 916 4411 idida
931 4359 1017 4434 direct}
1026 4370 1052 4436 et
1060 4360 1108 4408 duo
1124 4361 1154 4409 ad
1168 4314 1212 4409 dia
1225 4313 1360 4417 invemffi
1372 4370 1413 4413 est,
1428 4361 1455 4437 ip

167 4430 274 4477 diametri
293 4430 395 4490 propriae
410 4430 558 4477 uniformiter
577 4428 694 4486 describit,
717 4426 796 4475 estad
828 4426 918 4473 ratione
928 4426 1071 4489 requahtatrs.
1107 4428 1332 4475 Brauniacum
1348 4427 1453 4487 cyimdrr,

167 4502 259 4553 tempus
285 4509 317 4540 uo
328 4494 448 4555 cylindrus
458 4492 541 4540 eidem
552 4492 665 4540 uniformi
677 4492 797 4539 velocitate
830 4492 872 4538 &c

168 4510 328 4619 quadruplum
349 4556 504 4620 longitudinis
525 4573 582 4613 suae,
608 4572 649 4604 sen
674 4555 797 4603 duodecim
863 4555 897 4618 (²)
915 4558 929 4586 *
951 4556 1023 4604 Corol·
1046 4558 1067 4601 1.
1103 4554 1173 4602 Patet
1192 4568 1234 4614 per
1255 4553 1310 4601 Cor.
1336 4557 1357 4599 1.
1380 4549 1451 4625 I’rop.

169 4621 246 4667 tertias
256 4621 421 4669 diametrorum
433 4620 497 4683 globi
505 4620 620 4678 describit,
632 4620 701 4667 etiem
712 4628 740 4668 ut
749 4618 797 4667 duo
831 4619 990 4676 xxxvii,
1009 4617 1066 4681 quid
1084 4616 1212 4665 resistentia
1226 4615 1292 4678 globi
1309 4614 1407 4679 aequclls
1419 4622 1454 4663 est

169 4683 199 4731 ad
209 4685 258 4733 uia.
297 4684 377 4739 Quare
394 4685 465 4748 (178)
483 4683 517 4733 vis
532 4685 656 4735 ennomus
671 4683 722 4748 qud
734 4692 798 4733 totus
828 4683 964 4733 reslateutioe
973 4679 1072 4746 cylindri
1082 4678 1253 4743 circumscripti.
