3434 5500
274 443 338 502 298
535 501 541 509 ,,
585 432 940 503 vPHILOSOPHIAE
962 429 1233 499 NATURALIS
1286 426 1574 510 [Mor.Coneon2„

779 848 962 924 SECTIO
989 846 1056 921 IX.

632 1059 693 1131 Do
708 1065 801 1130 motu
816 1052 1185 1147 arculorifluiclorurn.

758 1336 1069 1404 HYPOTHESIS.

272 1540 497 1614 pestilentiam,
524 1557 591 1621 quia
615 1537 713 1600 oritur
741 1558 778 1598 ea
803 1535 917 1618 dp‘ectn
939 1531 1120 1595 lubricitatis
1141 1528 1280 1611 partium
1296 1526 1407 1613 fluidi,
1441 1523 1559 1587 autoris

310 1649 449 1730 paribus,
473 1646 733 1729 proportionalem
761 1666 821 1708 esse
849 1642 1011 1719 velocitati,
1042 1639 1101 1725 qut
1123 1649 1231 1723 partes
1247 1638 1349 1724 fluidi
1375 1643 1560 1719 separantur

316 1756 354 1840 (θ)
371 1756 410 1819 ab
425 1756 557 1819 lavican.

474 2000 757 2068 PROPOSITIO
780 2000 838 2065 Ll.
884 1998 1155 2065 THEOREMA
1178 1997 1351 2063 XXXIX.

272 2205 308 2269 Si
321 2202 473 2287 cylindrus
494 2200 605 2261 solidas
620 2194 738 2279 irfiniti
757 2196 862 2279 longia
876 2196 909 2257 in
919 2195 1024 2281 fluido
1038 2194 1182 2278 unfforrni
1196 2203 1225 2275 et
1240 2193 1360 2275 irpinito
1374 2192 1457 2254 circa
1472 2212 1560 2253 anern

215 2296 220 2303 .
309 2310 463 2393 positione
484 2310 586 2370 datum
605 2307 752 2394 unffonai
772 2327 836 2367 curn
857 2314 937 2368 motu
950 2306 1129 2378 revolvatur,
1153 2313 1181 2365 et
1196 2304 1234 2365 ab
1249 2302 1335 2385 iraj'us
1349 2302 1477 2383 inpulsu
1497 2300 1560 2361 solo

314 2427 427 2500 agatur
430 2416 566 2501 fluidum
582 2414 615 2475 in
629 2413 735 2487 orben,
753 2422 923 2493 perseveret
936 2421 1033 2475 autern
1039 2412 1143 2497 fluidi
1151 2432 1229 2492 pars
1243 2430 1427 2491 unaquaque
1441 2407 1559 2491 nuffar-

315 2526 406 2585 miter
421 2524 454 2584 in
468 2530 549 2583 notu
561 2541 635 2591 sum·
659 2520 727 2581 alico
741 2520 820 2601 quod
840 2527 973 2605 tempora
989 2518 1149 2601 periodica
1166 2518 1304 2597 particen
1314 2516 1417 2601 fluidi
1436 2523 1505 2577 sunt
1524 2522 1561 2577 nt

315 2631 448 2710 ipsumam
462 2627 618 2689 distantia
631 2625 671 2687 at
683 2646 742 2687 ane
755 2625 896 2708 cylindri.

318 2821 366 2884 Sit
382 2821 413 2884 A
429 2819 457 2883 F
472 2819 502 2883 L
517 2818 674 2903 cylindrus
693 2817 890 2881 uniformiter
904 2817 987 2880 circa
1007 2838 1099 2880 axem
1115 2817 1138 2880 S
1152 2816 1185 2878 in
1207 2816 1316 2879 orbem
1330 2826 1427 2891 actus,
1451 2825 1484 2877 et
1498 2813 1559 2877 cis·

273 2929 351 2992 culis
376 2928 578 2992 conceptricis
603 2927 632 2992 B
650 2928 682 2991 G
698 2927 747 3004 M,
772 2927 801 2991 C
818 2927 855 2990 H
871 2927 913 3004 N,
937 2927 1003 2991 DI
1025 2925 1068 3003 O,
1093 2925 1121 2989 E
1145 2927 1177 2989 K
1201 2925 1239 3003 P,
1266 2925 1323 2988 &a
1349 2923 1559 3010 distinguatur

220 3065 225 3076 ·
271 3035 403 3098 fluidum
417 3036 452 3098 in
466 3034 557 3098 orbes
573 3034 758 3120 cylindricos
771 3034 953 3098 innumeros
966 3033 1177 3097 concentricos
1193 3032 1309 3097 solidos
1321 3032 1458 3117 ejusdem
1475 3053 1558 3093 cras-

273 3141 425 3204 situdinis.
471 3139 516 3204 Et
535 3139 683 3225 quoniam
711 3139 941 3226 homogeneum
963 3151 1011 3203 est
1035 3139 1177 3216 fluidum,
1207 3139 1425 3222 impressiones
1458 3137 1559 3200 conti·

271 3271 406 3335 guorum
420 3248 544 3312 orbium
557 3249 591 3312 in
606 3272 639 3312 se
653 3260 764 3311 mutuo
784 3248 875 3314 factae
897 3259 989 3316 erunt
1012 3251 1082 3330 (per
1098 3245 1313 3333 Hypothesin)
1337 3247 1375 3331 (Ε)
1391 3258 1427 3310 ut
1448 3268 1556 3309 eorum

317 3441 340 3504 e)
352 3443 366 3472 θ
379 3443 416 3490 Ao
428 3442 533 3489 innuens.
571 3439 712 3487 Resistentia
722 3455 776 3502 quae
786 3440 861 3486 orimr
871 3455 900 3487 ex
932 3439 1066 3500 portionalis
1076 3448 1111 3486 est
1124 3441 1177 3504 (per
1190 3439 1278 3502 Hyp).
1314 3439 1385 3487 Unde
1395 3438 1415 3485 si
1425 3438 1558 3498 superficies

274 3503 290 3552 d
314 3514 366 3553 ectu
382 3504 520 3552 lubricitatis
530 3505 631 3564 partium
647 3503 723 3561 fluidi,
742 3505 829 3550 caeteris
839 3504 901 3565 pari-
932 3503 1056 3566 contiguae,
1067 3504 1218 3565 homogeneae
1229 3513 1252 3550 et
1263 3503 1357 3564 aequalis
1368 3502 1455 3565 ubique
1470 3503 1557 3561 asperi-

273 3571 325 3626 bus,
336 3579 371 3616 est
381 3583 473 3628 semper
483 3569 564 3615 eadem
572 3569 596 3613 in
605 3567 683 3627 spatiis
691 3567 826 3630 aequalibus,
837 3583 901 3629 quae-
932 3567 985 3614 tatis
995 3583 1044 3614 sese
1054 3566 1140 3614 viribus
1151 3567 1277 3628 aequalibus
1287 3575 1399 3628 premant,
1412 3575 1437 3612 et
1446 3575 1557 3626 praterea

273 3647 374 3694 cumque
384 3631 457 3678 luerit
471 3631 564 3678 mobilis
579 3631 702 3689 velocitas3
720 3630 775 3679 ctm
787 3631 812 3677 in
823 3631 900 3676 omni·
932 3630 1063 3690 superficies
1078 3645 1131 3692 quae
1146 3645 1216 3690 super
1230 3629 1288 3677 alias
1302 3629 1344 3677 sibi
1355 3629 1479 3692 contiguas
1493 3629 1557 3676 ince-

273 3697 318 3742 bus
328 3695 408 3756 spatiis
423 3695 550 3757 aqualrirus
565 3695 628 3741 idem
644 3695 749 3742 delemus
764 3693 901 3742 lubricitatis
932 3694 999 3750 dunt,
1018 3695 1118 3756 aequalis
1137 3694 1197 3752 sint3
1215 3693 1349 3740 resistentia
1364 3708 1392 3740 ex
1404 3693 1483 3740 attritu
1500 3693 1556 3739 dato

274 3759 419 3819 superandus
429 3759 467 3806 sit.
504 3759 549 3806 Est
559 3758 632 3820 igitur
642 3759 693 3805 baee
702 3758 837 3812 resistentia,
855 3773 900 3804 eae-
932 3766 1035 3817 tempore
1050 3757 1135 3820 genitae
1149 3757 1330 3817 proportionales
1346 3765 1416 3803 erunt
1426 3755 1557 3803 translatio-

274 3823 330 3869 teris
340 3824 441 3882 paribus,
457 3831 486 3869 ut
496 3823 596 3882 spatium
606 3822 670 3884 quod
685 3822 772 3868 mobile
784 3820 899 3874 describit,
932 3821 1001 3868 nibus
1018 3821 1191 3880 superficiemm
1212 3821 1374 3883 contiguarum
1395 3822 1425 3867 ab
1446 3819 1555 3874 invicem,

274 3886 321 3932 hoc
331 3895 373 3943 est,
384 3885 440 3934 dato
450 3895 562 3944 tempore,
578 3895 606 3932 ut
616 3886 730 3932 edonias.
768 3885 832 3943 Quia
846 3883 901 3932 verti
933 3883 987 3931 clm
998 3884 1132 3946 hujusmodi
1142 3884 1300 3931 translationes
1307 3885 1354 3930 sint
1363 3883 1437 3942 spatia
1447 3883 1566 3940 velocia,

274 3958 350 4009 partes
366 3950 484 4013 eonvguae
499 3965 553 4011 qua
568 3949 639 3996 simul
654 3950 705 4008 pari
714 3949 835 3995 velocitate
850 3963 901 3994 mo·
933 3948 995 3994 tibus
1010 3949 1110 3994 relativis
1121 3947 1175 3994 dato
1185 3957 1288 4008 tempore
1303 3947 1424 4007 descripta.
1460 3946 1486 3994 Si
1501 3944 1557 3994 verti

274 4024 366 4068 ventur,
382 4029 432 4059 sese
442 4023 525 4061 mutuo
535 4028 584 4059 non
600 4022 715 4068 atterunt;
732 4011 844 4072 capienda
857 4013 897 4058 hic
930 4010 1090 4058 translationes
1105 4011 1152 4057 illae
1162 4027 1204 4058 seu
1214 4011 1344 4058 velocitates
1359 4009 1460 4056 relativa
1475 4025 1556 4070 super-

274 4085 310 4123 est
325 4076 433 4123 velocitas
447 4076 549 4136 partium
564 4076 665 4132 relativa,
683 4073 731 4137 qui
746 4086 821 4136 partes
831 4091 896 4134 sepa·
928 4074 1033 4120 finieram
1041 4074 1201 4136 contiguarum
1208 4073 1556 4135 ponanturaequales31esisten·

275 4150 356 4187 rantur
366 4142 396 4186 ab
410 4139 517 4186 invicem.
540 4139 600 4187 -Sed
610 4140 640 4187 de
649 4137 694 4186 hic
705 4138 838 4200 Hypothesi
849 4139 901 4184 ride
932 4139 978 4191 tiae,
998 4139 1086 4184 caeteris
1101 4137 1200 4197 paribus,
1219 4147 1288 4185 emat
1297 4147 1325 4184 ut
1335 4136 1466 4197 superficias
1481 4138 1557 4185 conti·

194 4211 197 4222 '
276 4203 392 4250 scholium
403 4217 508 4264 sequens.
933 4216 986 4262 guae
1004 4216 1057 4263 quae
1072 4217 1121 4248 sese
1135 4211 1220 4248 mutuo
1236 4211 1344 4248 atterunt.
1380 4201 1460 4254 Quare
1476 4201 1496 4247 si
1512 4215 1557 4248 nee

308 4267 343 4331 (²)
354 4273 412 4314 526.
430 4270 444 4297 ⁸*
462 4269 493 4314 Ut
503 4284 583 4315 enum
599 4268 793 4316 manationesui
803 4268 901 4315 invicnn
933 4265 1065 4324 superficies
1080 4264 1203 4326 contiguae,
1224 4280 1267 4312 nec
1282 4279 1361 4311 aarum
1372 4262 1504 4310 velocitates
1519 4279 1558 4324 re-

275 4340 297 4378 et
307 4333 436 4396 superficies
447 4333 568 4390 contigua,
579 4331 622 4376 &a
658 4331 683 4378 si
699 4329 831 4390 superficies
846 4345 902 4392 eon·
933 4329 1010 4374 lativae
1025 4344 1068 4374 seu
1084 4327 1244 4375 translationes
1259 4329 1402 4375 abinvicem
1418 4336 1558 4388 sequantur3

274 4393 347 4456 tiguae
358 4392 425 4440 nulli
435 4393 555 4440 velocitate
569 4393 665 4441 relativi
675 4394 901 4440 intersemoveren-
933 4391 1074 4444 resistentia,
1097 4391 1185 4438 cantens
1205 4391 1304 4452 paribus,
1330 4399 1399 4438 erunt
1419 4390 1444 4435 in
1466 4391 1560 4438 mtione

275 4467 320 4512 tur,
340 4467 382 4504 aut
397 4459 416 4504 si
432 4467 509 4505 essem
523 4456 625 4516 perfecte
640 4458 743 4513 lubrice,
761 4456 826 4504 nulla
840 4456 901 4502 foret
933 4453 1060 4514 compositi
1070 4471 1098 4502 ex
1109 4456 1197 4501 ratione
1208 4455 1380 4515 superficierum
1391 4451 1560 4516 configuarum

275 4537 356 4568 earum
374 4520 465 4570 idatio:
487 4521 546 4567 atsi
562 4520 694 4585 superficies
711 4519 758 4567 sint
775 4535 862 4579 asperae
878 4528 902 4566 et
933 4528 957 4566 et
967 4519 1055 4565 maone
1071 4518 1247 4566 translationum
1264 4521 1293 4566 ab
1308 4519 1408 4564 invicem
1425 4515 1480 4564 dato
1496 4526 1560 4565 tem-

274 4584 321 4632 alia
330 4600 399 4644 super
409 4585 479 4631 aliam
489 4583 589 4642 incedat,
600 4594 707 4631 mscetur
714 4599 743 4630 er
754 4584 854 4644 partium
866 4592 901 4630 at-
932 4597 989 4642 pore
999 4583 1119 4630 lasarum.
1150 4582 1315 4642 impressiones
1325 4579 1380 4629 veri>
1390 4581 1561 4643 contiguorum

274 4649 330 4694 tritu
349 4648 482 4704 resistentia,
500 4664 561 4710 quae,
581 4648 637 4694 dato
653 4656 756 4708 tempore
775 4657 799 4694 et
813 4647 900 4694 caeteris
933 4646 1025 4692 orbium
1035 4646 1061 4691 in
1076 4661 1101 4693 se
1111 4655 1195 4693 mutuo
1213 4647 1288 4706 facta,
1307 4654 1362 4694 sunt
1377 4655 1406 4694 ut
1420 4646 1562 4696 renuntia

274 4712 374 4771 paribus,
396 4712 522 4776 volontati-
533 4710 711 4772 superlicierum
725 4711 826 4760 relativae
846 4725 900 4770 pro·
932 4708 1017 4779 quibus
1026 4709 1203 4771 producuntur)
1301 4719 1304 4727 ·
