3434 5500
154 365 272 430 Lrsnn
285 365 451 460 sacrun]
484 345 723 432 PRINCIPIrl
747 365 1116 438 MATHEMATICA,
1380 387 1442 443 209

201 540 269 602 Cas.
293 546 323 604 2.
371 537 529 605 Ponamus
552 537 637 624 qudd
661 539 823 622 porticula
851 540 948 604 medii
976 541 1010 604 in
1038 541 1169 629 globum
1198 544 1246 608 vel
1268 546 1441 632 cylindrum
1539 623 1543 630 .

117 704 121 708 .
152 648 328 713 incidentes
351 671 416 712 non
439 631 654 725 reflectantur3
679 661 710 712 et
731 649 890 735 cylindrus
904 647 1072 714 inbidendo
1091 655 1388 738 perpendiculariter
1409 661 1441 722 in

150 756 325 839 particulas
348 756 519 840 simplicem
543 778 631 819 suam
654 754 847 820 velocitatem
872 757 948 840 ipsis
974 760 1222 839 communicabit,
1246 763 1378 849 ideisque
1393 789 1441 854 re:

150 865 327 928 sistentiam
340 865 457 948 patitur
471 863 568 946 duplo
582 863 734 926 minorem
749 861 843 948 quim
858 864 891 926 in
904 863 1011 946 priore
1025 885 1109 942 casu,
1126 878 1158 932 et
1172 869 1346 935 resistentis
1353 872 1442 957 globi

149 974 212 1036 erit
227 974 321 1038 etiam
335 973 432 1058 duplo
445 973 547 1036 minor
562 969 657 1058 qusim
670 971 767 1056 prius.

198 1082 269 1144 Cas.
286 1090 315 1144 3.
362 1080 519 1167 Ponamus
542 1079 627 1163 qubd
648 1078 810 1162 particulae
824 1078 922 1142 medii
936 1080 967 1142 ui
981 1080 1160 1145 reflexionis
1180 1105 1282 1169 neque
1303 1088 1440 1152 maximi

152 1207 259 1270 neque
275 1184 371 1262 nulli,
388 1184 443 1248 sed
458 1184 608 1248 mediocri
623 1184 725 1271 aliqud
740 1185 879 1248 resiliant
892 1168 1015 1273 aglobb
1023 1211 1032 1263 3
1048 1200 1080 1252 et
1094 1189 1267 1256 resistentia
1279 1194 1365 1280 globi
1380 1196 1440 1262 erit

149 1291 186 1352 in
201 1289 312 1354 eidem
326 1291 446 1354 ratione
460 1290 611 1355 mediocri
625 1266 925 1356 interiturarum
939 1293 972 1354 in
987 1293 1178 1376 primocasu
1187 1308 1220 1360 et
1233 1298 1438 1365 resistentiam

149 1399 348 1464 insecundo.
394 1399 436 1476 Q.
453 1423 480 1465 e.
496 1401 518 1464 i.
1416 1452 1419 1457 >

197 1509 296 1572 Corol.
315 1516 342 1571 1.
388 1507 477 1572 Hinc
502 1508 528 1574 si
552 1508 665 1596 globus
686 1522 718 1574 et
739 1509 900 1595 particulae
922 1511 984 1574 sint
1004 1511 1126 1575 infinite
1146 1513 1234 1591 dura,
1252 1527 1292 1580 vet
1306 1518 1337 1580 vi
1352 1520 1438 1582 omni

149 1615 287 1692 elastici,
304 1629 335 1680 et
349 1627 515 1700 propterea
529 1617 622 1681 etiam
635 1619 667 1681 vi
681 1621 766 1682 omni
780 1621 958 1684 reflexiouis
972 1621 1137 1686 destituta:
1161 1625 1336 1690 resistentia
1348 1628 1437 1714 globi

149 1723 212 1787 erit
225 1723 266 1787 ad
280 1724 343 1786 vim
358 1723 418 1809 qud
434 1735 517 1788 totus
532 1725 597 1808 ejus
611 1738 714 1789 motus
729 1725 778 1790 vel
793 1725 908 1792 auferri
920 1727 1020 1810 possit
1033 1728 1083 1791 vel
1096 1733 1249 1814 generari,
1271 1755 1335 1818 quo
1356 1746 1436 1799 tcm-

148 1850 229 1912 pore
243 1829 355 1915 globus
370 1840 503 1915 quatuor
516 1832 622 1893 tertias
637 1842 742 1914 partes
755 1832 899 1896 diametri
913 1854 978 1894 suae
992 1833 1150 1912 describit,
1165 1848 1202 1898 ut
1212 1836 1348 1902 densitas
1369 1861 1436 1904 meo

148 1937 195 1999 dii
209 1934 251 2012 ad
265 1935 450 2000 densitatem
464 1935 561 2022 globi.

195 2045 295 2107 Corui.
311 2051 341 2107 2.
387 2043 426 2128 (l)
450 2035 639 2107 Resisteutia
660 2043 755 2130 globi,
783 2045 904 2108 coeteris
925 2046 1062 2128 paribus,
1086 2060 1131 2112 est
1152 2049 1186 2112 in
1205 2049 1362 2134 duplicati
1383 2074 1435 2118 ra·

147 2148 233 2212 tione
248 2147 427 2212 velocitatis.
493 2205 498 2214 ,
1070 2131 1083 2164 ⁴

194 2258 293 2320 Corol.
310 2265 340 2320 3.
373 2255 417 2339 (†)
435 2255 622 2320 Resistentia
635 2255 732 2342 globi,
749 2256 869 2320 cacteris
882 2257 1021 2339 paribus,
1037 2272 1084 2323 est
1097 2260 1130 2323 in
1145 2260 1302 2342 duplicati
1314 2263 1435 2328 ratione

147 2362 304 2426 diametri.
565 2363 570 2370 ’

190 2472 291 2534 Coroi.
308 2478 338 2534 4.
385 2468 572 2534 Resistentia
585 2470 680 2558 globi,
697 2471 816 2534 caeteris
830 2470 968 2554 paribus,
986 2483 1033 2535 est
1047 2484 1082 2535 ut
1095 2472 1231 2537 densitas
1246 2474 1350 2538 medii.

192 2581 291 2643 Corol.
309 2587 338 2644 5.
385 2577 571 2643 Resistentia
592 2579 676 2666 globi
699 2579 799 2642 estin
820 2579 940 2642 ratione
965 2601 1035 2663 quae
1057 2581 1254 2664 componitur
1268 2603 1308 2645 ex
1327 2581 1432 2667 dupli·

145 2683 215 2755 cad
237 2686 356 2753 ratione
378 2683 546 2753 velocitatis
562 2695 594 2751 et
607 2683 764 2769 duplicati
787 2685 907 2750 ratione
926 2685 1069 2750 diametri
1083 2698 1115 2750 et
1129 2687 1248 2751 ratione
1270 2689 1430 2755 densitatis

145 2792 251 2856 medii.

194 2898 292 2965 Corol.
309 2907 339 2965 6.
384 2898 543 2963 Etmotus
557 2897 642 2986 globi
657 2920 729 2965 curn
744 2900 810 2984 ejus
825 2900 999 2966 resistentia
1019 2900 1064 2963 sio
1083 2901 1199 2984 exponi
1223 2914 1335 2985 potest.
1381 2905 1429 2970 Sit

146 3006 177 3071 A
194 3006 223 3071 B
237 3019 360 3091 tempus
375 3029 437 3094 quo
451 3007 564 3095 globus
585 3030 644 3092 per
664 3008 869 3072 resistentiam
890 3030 978 3071 suam
1000 3008 1193 3073 uniformiter
1217 3011 1428 3075 continuatam

144 3124 245 3187 toturn
269 3134 359 3177 suum
382 3124 501 3180 motum
526 3114 666 3179 amittere
688 3126 800 3199 potest
845 3113 898 3178 Ad
922 3115 953 3178 A
969 3113 1002 3177 B.
1022 3114 1180 3200 erigantur
1205 3117 1428 3199 perpendicula

145 3219 177 3282 A
190 3220 236 3297 D,
266 3218 294 3283 B
310 3218 348 3282 C.
395 3219 502 3305 Sitque
527 3218 556 3283 B
572 3220 600 3283 C
621 3233 722 3283 motus
737 3220 788 3283 ille
803 3232 895 3295 totus,
919 3232 950 3283 et
963 3241 1020 3302 per
1033 3231 1183 3302 punctum
1200 3220 1426 3305 Casymptotis

177 3450 211 3515 (Β)
224 3454 238 3480 '
251 3453 388 3503 usuraria
403 3455 469 3515 globi,
489 3454 574 3501 caetffls
581 3454 685 3513 poribus,
702 3462 734 3500 est
744 3453 770 3499 in
801 3450 903 3497 motibus
917 3449 958 3510 qui
973 3447 1108 3504 uniformes,
1126 3448 1207 3495 saltem
1223 3463 1295 3511 quam
1309 3449 1423 3509 mummi,

144 3512 493 3577 duplicotdmtiomuclocitotis.
529 3519 543 3547 ⁴
556 3516 608 3563 Sint
618 3516 682 3576 globi
693 3530 770 3576 aequa-
801 3522 932 3567 censentur,
954 3527 1010 3574 ergo
1030 3512 1164 3559 martius
1184 3522 1353 3560 momentanee
1367 3524 1424 3561 saut

144 3580 213 3627 usin
224 3578 306 3625 ecdem
316 3578 394 3627 medlo
404 3579 461 3627 moti
472 3578 560 3627 diversi
568 3594 621 3626 cum
632 3578 766 3635 velociutet
799 3577 834 3623 bis
850 3584 878 3623 ut
891 3575 1027 3631 velocitates,
1047 3575 1091 3622 boo
1107 3584 1143 3623 est
1160 3576 1186 3621 in
1202 3576 1290 3624 ratium
1306 3576 1423 3637 duplimd
1444 3638 1449 3648 .
1506 3631 1509 3642 Ι

144 3652 222 3689 motus
233 3651 297 3689 totus
306 3642 489 3707 uniuscujusque
497 3653 531 3690 est
538 3643 568 3690 ud
579 3644 767 3701 mommsbipso
799 3639 931 3687 velocitatis.
1257 3659 1261 3669 ·

144 3706 342 3755 communicatum
364 3715 466 3767 tempore
481 3723 529 3769 quo
549 3705 609 3753 duas
625 3707 703 3753 tertias
717 3720 767 3751 suae
831 3704 870 3769 (†)
883 3708 897 3734 θ
910 3704 1046 3751 Resistentio
1058 3704 1124 3763 globi,
1136 3706 1222 3751 coeteris
1227 3704 1331 3765 parlim,
1346 3713 1379 3752 est
1394 3707 1421 3754 in
1470 3704 1476 3711 ’

144 3769 250 3828 disnrsui
270 3770 391 3831 percurrit,
413 3779 439 3818 ut
455 3769 577 3817 densitates
595 3770 717 3833 globorum
736 3768 767 3817 stl
798 3765 1014 3829 duplicctdrotione
1023 3768 1136 3813 diametri.
1171 3770 1184 3797 *
1204 3767 1256 3814 sint
1271 3767 1334 3831 globi
1349 3769 1421 3831 equi.

144 3832 268 3891 densitates
286 3832 425 3890 mediorum,
444 3832 542 3895 ideoque
559 3849 586 3880 ex
604 3832 765 3894 hypothesim
798 3832 894 3887 veloces,
912 3828 979 3893 aqui
993 3831 1067 3885 densi,
1081 3828 1198 3877 insodem
1210 3830 1363 3889 mediomoti,
1380 3832 1422 3880 ssd

144 3895 226 3944 eidem
238 3894 334 3954 ratione,
346 3912 401 3959 ergo
412 3896 482 3944 etism
492 3897 600 3944 velocius
610 3897 681 3944 unius
691 3905 726 3943 est
736 3894 766 3943 ad
797 3895 894 3941 diversae
908 3896 954 3941 sint
969 3908 1048 3941 esrum
1059 3892 1173 3951 diametri.
1191 3893 1310 3957 linguntur
1320 3899 1369 3943 duo
1379 3911 1419 3957 oy.

143 3956 289 4007 velocitatem
304 3960 400 4008 ulterius
410 3970 437 4007 ut
446 3969 524 4008 motus
534 3960 620 4008 abillis
635 3960 766 4007 commuui-
797 3958 868 4005 lindri
878 3958 983 4021 ejusdem
994 3972 1049 4003 cum
1059 3957 1087 4002 iis
1098 3957 1212 4014 dianretri,
1228 3969 1252 4006 et
1261 3959 1332 4007 etiam
1348 3962 1421 4023 equi.

144 4023 341 4084 cstitsmponbus
356 4024 440 4135 guibus
454 4024 514 4101 fluas
524 4024 601 4099 tertias
611 4039 705 4098 suarum
716 4023 765 4071 dis·
797 4022 920 4097 relcceset
930 4021 1078 4097 eque-densi,
1095 4022 1227 4096 resimastis
1237 4036 1294 4084 quas
1304 4024 1421 4083 patientur

143 4096 271 4198 m...
285 4088 766 4213 lntntdllttlztt‘tltnlnt
797 4085 1422 4212 {ilsfflifflbffidni‘libliffl

143 4214 218 4264 simas
234 4213 343 4277 utrinque
358 4216 465 4276 equales,
481 4216 570 4277 etquis
579 4215 763 4265 resistentis-sin·
796 4212 857 4259 tium
873 4222 966 4259 suntut
980 4212 1092 4273 quadrata
1101 4211 1281 4261 diametrorum:
1299 4214 1420 4263 sedstoils

128 4331 130 4335 ¹
142 4278 205 4340 gulis
215 4278 346 4336 mmeritis,
358 4279 462 4341 ejusdem
472 4279 535 4343 globi
546 4288 656 4340 respectu,
673 4278 764 4326 unifor-
795 4276 869 4337 liquet
878 4276 1016 4323 resistemim
1021 4275 1179 4338 cylindrorum
1187 4278 1419 4339 etglobomm-ssqui·

142 4342 190 4389 nris
198 4353 312 4399 censetur,
327 4343 639 4393 resistentiaevmomentaneae
649 4352 718 4389 erunt
728 4341 763 4387 di·
796 4340 917 4397 velocium,
928 4339 1031 4402 ejusdem
1039 4339 1153 4398 dammi,
1163 4341 1189 4388 in
1196 4341 1278 4389 eodem
1286 4340 1419 4388 mediossss

143 4404 205 4452 recte
215 4415 242 4452 ut
252 4416 330 4453 motus
340 4404 417 4453 amissi
428 4418 452 4453 st
462 4406 550 4455 inversi
560 4416 587 4454 ut
597 4416 700 4465 ternpore
715 4404 766 4467 qui-
797 4404 823 4450 in
835 4402 991 4459 dmiratione,
1003 4418 1060 4465 ergo
1069 4415 1097 4450 ut
1107 4404 1309 4452 resistentimnius
1319 4403 1419 4464 cylindri
1506 4438 1510 4441 -

141 4468 187 4515 bus
197 4470 343 4527 arnittuntur,
363 4470 403 4517 ssd
419 4480 497 4519 motus
509 4463 586 4517 amissi
602 4480 657 4519 sunt
667 4478 695 4515 ut
705 4468 767 4515 velo·
798 4468 828 4515 nd
838 4467 991 4514 redsunt'sm
997 4467 1137 4520 altedunits
1143 4454 1419 4529 resistentiwniusglobi

142 4532 223 4585 citatus
238 4531 324 4581 directi
334 4544 358 4581 et
368 4543 472 4594 tempora
482 4544 537 4580 sunt
547 4532 635 4581 inverse
645 4541 672 4580 ut
683 4532 766 4579 veloci-
797 4531 990 4579 adresistsntiam
999 4531 1102 4586 alterius,
1118 4541 1174 4582 mut
1183 4546 1239 4594 ergo
1248 4530 1373 4595 gbbosum
1381 4546 1418 4581 rs·

142 4605 209 4653 uras,
225 4596 283 4657 quis
302 4598 402 4660 equales
423 4597 581 4661 longitudines
601 4604 768 4659 percurruntur
798 4594 1248 4656 sistentiautqusdrstsdinstrcmm·

174 4679 236 4739 Vos.
251 4680 288 4729 11.
772 4677 795 4725 Ο
