3434 5500
182 426 296 490 Lmen
311 422 758 505 saculorrnluclrln
789 420 1161 486 MATHEMATICA.
1403 430 1461 486 291
1493 484 1504 531 .‘

181 599 247 686 qut.
258 597 372 661 lineola
387 596 418 659 Ε
432 596 466 661 G
480 596 514 657 in
527 595 604 658 locis
618 595 682 657 suis
699 596 726 658 P
741 605 773 657 et
789 594 812 658 S
826 605 966 679 urgetur,
990 604 1037 657 est
1051 592 1092 658 ad
1107 593 1229 656 lineolae
1244 593 1326 655 illius
1339 593 1466 676 pondus

180 722 217 773 ut
238 707 324 772 HK
349 719 375 771 Χ
398 703 532 768 AadV
554 717 581 769 Χ
604 703 693 780 EG,
717 704 838 766 siveut
861 700 1028 783 Poxn
1050 700 1091 765 ad
1113 700 1199 777 VV,
1224 701 1263 785 (⁶)
1284 721 1357 763 nam
1380 700 1465 763 HK

180 827 249 879 erat
261 812 303 875 ad
318 810 391 875 EG
405 805 442 873 ut
456 808 527 874 ΡΟ
540 808 584 873 ad·
596 808 636 872 V.
681 807 790 883 Quare
804 804 877 869 clun
892 818 1043 889 tempora,
1061 805 1173 891 quibus
1188 804 1320 889 aequalia
1334 826 1467 887 corpora

179 945 237 1007 per
257 922 389 1008 aequalia
410 920 509 1004 spatia
532 915 744 1001 impelluntur,
775 916 839 979 sint
868 914 905 999 (θ)
928 912 1086 998 reciproce
1114 913 1148 975 in
1177 911 1465 994 subduplicatrira·

181 1035 266 1098 tione
287 1034 413 1109 virium,
437 1032 497 1095 erit
516 1044 640 1113 tempus
663 1026 843 1092 vibrationis
865 1024 968 1102 unius,
994 1036 1127 1112 urgente
1143 1024 1172 1085 vi
1191 1021 1244 1085 illrl
1267 1020 1400 1099 clasticai,
1425 1023 1465 1085 ad

181 1157 304 1226 tempus
320 1138 511 1215 vibrationis,
528 1148 660 1223 urgente
674 1135 706 1200 vi
718 1133 876 1219 ponderis,
898 1133 932 1195 in
946 1131 1164 1215 subduplicato
1184 1131 1305 1227 ratione
1326 1132 1357 1193 V
1372 1131 1403 1192 V
1424 1132 1465 1195 ad

182 1253 211 1319 P
226 1251 258 1316 Ο
273 1267 300 1320 x
319 1250 360 1325 A,
385 1247 419 1332 (Υ)
434 1259 527 1331 atque
540 1243 613 1308 ideo
627 1243 669 1307 ad
682 1254 804 1326 tempus
818 1240 1019 1305 oscillationis
1040 1239 1170 1325 penduli
1192 1240 1278 1323 cujus
1300 1239 1465 1326 longitudo

181 1373 228 1424 eat
242 1362 273 1424 A
285 1360 320 1422 in
334 1352 548 1439 subduplicatrl
570 1353 691 1417 ratione
705 1353 736 1415 V
752 1350 782 1414 V
796 1351 838 1413 ad
854 1351 882 1415 P
898 1350 929 1415 Ο
945 1365 972 1418 >t
991 1352 1032 1428 A,
1055 1363 1088 1413 et
1109 1348 1323 1433 subduplicatr't
1345 1348 1465 1412 ratione

183 1467 211 1531 P
227 1466 259 1531 Ο
273 1465 314 1529 od
330 1465 361 1527 A
375 1459 564 1545 conjunctim
573 1482 583 1534 3
606 1458 711 1533 idest,
733 1457 767 1520 in
788 1458 909 1520 ratione
923 1456 1044 1543 integri
1060 1457 1091 1519 V
1105 1454 1146 1519 ed
1161 1457 1201 1519 A.
1247 1456 1310 1521 Sed
1325 1469 1465 1539 tempore

181 1571 360 1638 vibrationis
374 1568 466 1632 unius
481 1565 583 1630 exitu
596 1577 628 1627 et
641 1563 743 1627 reditu
758 1563 949 1646 compositae,
965 1562 1073 1645 pulsus
1089 1561 1322 1647 progrediendo
1337 1561 1463 1625 conficit

181 1679 375 1744 latitudinem
389 1702 477 1742 suam
493 1679 572 1744 BC.
606 1679 694 1765 Ergo
708 1692 842 1764 tempus,
858 1700 921 1765 quo
934 1678 1044 1762 pulsus
1059 1676 1213 1761 percurrit
1229 1677 1364 1761 spatium
1381 1678 1409 1741 B
1425 1677 1462 1753 C,

181 1787 222 1871 (⁸)
237 1784 339 1849 estad
354 1796 477 1869 tempus
499 1784 696 1849 oscillationis
717 1785 809 1848 unius
823 1807 864 1847 ex
878 1785 923 1848 itu
939 1796 970 1847 et
991 1783 1092 1847 reditu
1115 1784 1306 1867 compositae,
1329 1798 1365 1848 ut
1379 1786 1409 1848 V
1424 1786 1465 1849 ad

182 1893 225 1969 A,
242 1891 281 1975 (¹²)
294 1892 326 1955 id
340 1904 398 1968 est,
414 1903 449 1955 ut
464 1891 493 1955 B
507 1891 535 1955 C
550 1890 591 1955 ad
605 1890 884 1955 circumferentiam
899 1890 1006 1954 circuli
1018 1892 1104 1976 cujus
1116 1891 1222 1955 radius
1235 1902 1281 1955 est
1292 1894 1333 1956 A.
1367 1894 1465 1958 Tem·

180 2021 240 2083 pus
255 2010 368 2074 autem,
384 2020 447 2081 quo
460 1997 569 2082 pulsus
583 2010 745 2082 percurret
758 1998 892 2081 spatium
909 1997 938 2061 B
952 1997 990 2074 C,
1006 2010 1052 2061 est
1066 1998 1107 2061 ed
1121 2010 1244 2081 tempus
1259 2017 1322 2083 quo
1336 2020 1464 2083 percur-

181 2116 231 2168 ret
256 2102 483 2189 longitudinem
507 2102 582 2166 huic
608 2102 866 2167 circumferentiae
891 2103 1052 2189 aequalem,
1081 2102 1119 2186 (ἴ)
1134 2102 1167 2165 in
1192 2102 1302 2167 eidem
1326 2106 1447 2169 ratione
1454 2130 1464 2182 3

180 2212 314 2297 ideoque
339 2223 479 2294 tempore
500 2208 571 2273 talis
591 2209 792 2273 oscillationis
815 2209 924 2294 pulsus
953 2220 1114 2295 percurret
1142 2209 1371 2297 longitudinem
1390 2212 1465 2276 huic

181 2320 439 2385 circumferentiae
453 2320 614 2405 aequalem.
659 2319 703 2395 Q.
719 2341 746 2382 e.
762 2318 794 2383 d.

228 2428 325 2490 Corol.
343 2434 371 2489 1.
404 2424 563 2489 Velocitas
583 2423 732 2509 pulsuum
746 2446 783 2487 ee
798 2434 854 2501 est,
882 2444 976 2509 quam
991 2422 1155 2508 acquirunt
1176 2423 1282 2509 gravia
1303 2424 1464 2509 aequaliter

181 2533 352 2599 accelerato
365 2546 454 2597 motu
475 2532 626 2611 cedendo,
653 2545 685 2599 et
706 2555 779 2597 casu
801 2556 859 2597 suo
882 2534 1087 2597 describendo
1110 2534 1273 2597 dimidium
1295 2535 1464 2599 altitudinis

183 2642 224 2705 A.
269 2641 352 2704 Nam
367 2653 507 2724 ternpore
523 2662 612 2705 casus
627 2640 728 2725 hujus,
752 2661 823 2704 cum
838 2641 1000 2707 velocitate
1016 2641 1157 2705 cadendo
1172 2643 1331 2728 acquisiti,
1354 2645 1463 2729 pulsus

180 2760 343 2834 percurret
356 2749 491 2832 spatium
505 2746 539 2830 (¹)
555 2746 641 2832 quod
655 2747 715 2812 erit
728 2746 848 2834 aequale
863 2749 920 2812 toti
935 2749 1091 2812 altitudini
1107 2751 1155 2825 A;
1176 2750 1308 2836 ideoque
1324 2764 1464 2836 tempore

182 2852 382 2918 oscillationis
403 2854 496 2916 unius
511 2847 659 2927 enituet
672 2853 775 2917 reditu
796 2855 975 2938 compositae
1000 2867 1162 2939 percurret
1187 2857 1321 2941 spatium
1344 2859 1463 2944 aequale

182 2958 437 3024 circumferentiae
461 2958 569 3021 circuli
594 2958 682 3021 radio
697 2959 729 3024 A
744 2959 909 3043 descripti:
934 2961 981 3044 (¹¹¹)
997 2972 1044 3023 est
1058 2962 1141 3024 enim
1163 2973 1286 3046 tempus
1310 2963 1399 3028 castis
1421 2965 1462 3029 ad

181 3079 303 3152 tempus
317 3067 515 3133 oscillationis
529 3079 566 3135 ut
579 3067 684 3135 radius
698 3068 806 3136 circuli
820 3069 860 3135 ad
876 3069 1014 3156 ejusdem
1029 3070 1315 3138 circumferentiam.

169 3297 172 3304 '
214 3284 249 3394 ς)
260 3288 274 3315 ⁸
287 3287 354 3334 Nom
365 3289 396 3335 Η
403 3289 486 3336 K'erot
500 3291 532 3338 od
547 3291 573 3340 Ε
585 3291 644 3340 Gttt
656 3294 680 3341 P
692 3292 711 3341 0
726 3295 757 3340 od
778 3295 805 3351 V,
836 3292 896 3341 tudo
909 3295 940 3351 A,
953 3293 1012 3342 daria
1023 3296 1095 3343 medii
1106 3295 1219 3344 densitate
1230 3307 1253 3345 et
1264 3298 1286 3344 vi
1297 3299 1390 3347 clastici
1398 3297 1459 3354 dati,

182 3347 208 3394 in
234 3363 279 3395 em.
295 3349 365 3410 Prop.
381 3351 496 3400 XLVII.
669 3404 671 3407 ,
726 3373 728 3378 ·
837 3366 910 3404 estut
921 3359 1021 3417 spatium
1035 3361 1057 3406 B
1071 3361 1091 3410 C
1107 3362 1137 3407 nd
1153 3360 1230 3408 datam
1246 3365 1399 3422 peripheriam
1416 3365 1460 3410 cir-

180 3445 183 3451 .
215 3412 251 3475 (²)
268 3416 282 3444 ³
299 3417 353 3461 Sint
369 3418 481 3476 reciproca
497 3419 523 3464 in
541 3417 700 3479 subduplicotd
718 3422 807 3468 ratione
838 3420 887 3468 culi
898 3421 963 3469 radio
975 3425 998 3468 A
1010 3421 1132 3483 descripti;
1144 3425 1224 3486 liquet,
1236 3426 1402 3488 quodtempus,
1412 3443 1460 3489 quo

182 3477 274 3524 uirium
308 3477 377 3525 Patet
386 3493 428 3538 per
440 3481 494 3528 Cor.
507 3486 531 3528 3.
546 3482 616 3542 Prop.
631 3483 732 3530 XXIV.
748 3484 803 3532 Lib.
836 3483 920 3544 pulsus
930 3487 1043 3546 percurrit
1053 3477 1153 3548 apetium
1166 3489 1187 3535 B
1199 3487 1226 3544 C,
1239 3499 1280 3536 aut
1290 3491 1369 3536 ecdem
1380 3491 1459 3536 celeri·

183 3539 262 3602 hujus.
837 3557 885 3595 tate
895 3560 1038 3608 percurreret
1048 3550 1125 3598 datam
1142 3553 1293 3612 peripheriam
1304 3554 1384 3600 circuli
1395 3554 1460 3600 radio

216 3602 248 3664 (¹)
261 3605 365 3678 “Atque
380 3605 433 3681 idad·
443 3610 474 3654 od
489 3617 585 3669 tempus,
602 3611 645 3656 tic.
681 3610 750 3685 Patet
759 3626 813 3684 per
839 3613 864 3658 A
886 3611 998 3672 descripti,
1026 3613 1076 3661 fore
1098 3615 1131 3661 eis
1152 3617 1230 3674 spatiis
1255 3617 1455 3691 proportionalem.

183 3677 806 3798 &indiffinitetitillantur?
840 3677 1459 3802 Petillii?,tilinit‘tllzstili

183 3793 214 3839 lre
227 3793 249 3839 n
264 3794 290 3850 P,
302 3806 400 3857 urgente
410 3799 433 3842 vi
444 3799 551 3856 ponderis
561 3799 641 3859 ipsius,
661 3810 696 3846 eet
706 3800 736 3847 ad
746 3813 806 3848 tem-
837 3801 915 3849 reditu
924 3804 1057 3864 compositae
1066 3804 1162 3865 penduli
1174 3809 1241 3868 cujus
1251 3806 1374 3868 longitudo
1381 3817 1417 3855 est
1426 3809 1458 3861 A.
1543 3806 1549 3824 ¹

184 3871 229 3916 pus
239 3858 387 3905 oscillationis
398 3862 494 3919 penduli
505 3862 572 3924 eujus
587 3863 711 3926 longitudo
721 3873 756 3912 eat
773 3865 805 3922 A,
837 3875 866 3912 ut
881 3878 972 3926 tempus
988 3883 1035 3929 quo
1053 3869 1134 3928 pulsus
1151 3871 1263 3930 percurrit
1279 3871 1341 3916 idem
1358 3872 1460 3931 spatium

182 3919 209 3966 in
218 3922 379 3980 subduplicctri
389 3926 477 3970 ratione
490 3925 546 3972 Po
557 3927 586 3972 ad
599 3931 630 3974 A.
840 3931 863 3976 B
881 3931 909 3984 C,
931 3929 961 3976 ad
980 3941 1072 3991 ternpus
1088 3947 1135 3994 quo
1157 3934 1269 3992 percurrit
1289 3933 1460 3996 longitudinem

217 3984 252 4047 (⁸)
265 3988 279 4014 ⁹
292 3988 336 4032 Eat
351 3991 383 4033 od
398 3992 807 4049 rm1msoscittari0ntauniuseztru
838 3993 951 4054 equalem
962 3995 1152 4042 circumferentiae
1168 3997 1247 4043 circuli
1259 3997 1326 4058 cujus
1336 3999 1415 4046 radius
1425 4008 1460 4046 est

183 4056 206 4094 et
216 4051 292 4096 redito
307 4053 438 4112 composito,
454 4052 551 4112 penduli
561 4051 630 4116 cujus
641 4053 763 4117 longitudo
773 4064 807 4102 art
840 4058 881 4114 A3
903 4055 1002 4120 ideoque
1020 4069 1122 4120 tempore
1141 4060 1192 4106 talis
1210 4061 1358 4110 oscillatioois
1378 4062 1460 4122 pulsus

186 4113 219 4158 Δ.
839 4132 958 4180 percurret
988 4121 1159 4186 longitudinem
1188 4124 1243 4171 huic
1268 4124 1459 4174 circumferentiae

218 4175 255 4237 (¹²)
268 4179 281 4206 ⁸
295 4178 325 4223 Id
332 4186 370 4233 ert,
379 4187 406 4225 ut
414 4181 438 4225 B
448 4183 468 4228 {I
473 4183 505 4227 od
512 4182 720 4245 circumfirmtiam
728 4184 809 4230 dccccli
840 4183 961 4246 aequalem.

183 4239 341 4363 {iffiffim
352 4243 530 4352 egtffmdiNem
542 4243 718 4353 (inrdemonsp.
735 4245 805 4354 Ptrop.
842 4248 903 4358 ΒΕ)
911 4251 929 4357 Ι*
937 4251 1010 4371 )Qucd
1026 4251 1069 4298 erit
1084 4253 1170 4312 aequale
1188 4254 1228 4299 rori
1244 4255 1360 4302 altitudini
1370 4254 1394 4300 A
1405 4254 1456 4317 (80.

294 4335 300 4348 .
326 4319 365 4349 ere
471 4321 499 4352 ua
509 4321 572 4354 circu
582 4323 590 4352 1
601 4322 688 4354 crrcum
698 4323 751 4354 eren
762 4324 809 4354 ram
865 4327 873 4356 ι
889 4344 895 4357 .
925 4342 932 4355 .

183 4366 292 4412 habentis
307 4368 422 4428 aequalem
437 4369 559 4416 intervallo
571 4372 594 4417 B
607 4371 642 4429 C3
659 4371 723 4418 unde
733 4381 767 4419 est
785 4373 809 4418 V
874 4373 913 4437 (¹¹¹)
927 4378 939 4405 ⁸
952 4377 996 4423 Eo
1011 4379 1072 4425 enim
1089 4385 1177 4439 tempus
1192 4378 1264 4435 costis,
1281 4396 1322 4439 per
1338 4378 1460 4428 dimidiam

183 4428 215 4475 od
228 4430 251 4474 A
263 4431 357 4476 11th
373 4431 404 4478 ad
419 4432 629 4482 circumferentiam
645 4435 727 4482 circuli
742 4436 809 4500 cujus
840 4436 987 4494 altitudinem
1001 4441 1021 4486 A
1034 4439 1063 4486 ad
1075 4449 1166 4500 tempus
1182 4443 1328 4489 oscillationis
1345 4444 1415 4490 unius
1430 4457 1459 4489 ex

182 4491 264 4539 radius
274 4503 309 4540 est
322 4495 353 4540 A.
839 4502 890 4547 solo
905 4501 948 4556 itu,
965 4502 1001 4548 vel
1017 4503 1067 4550 solo
1082 4504 1157 4551 reditu
1168 4507 1299 4562 constantis,
1311 4517 1338 4553 ut
1348 4506 1460 4564 diameter
1559 4519 1562 4530 ·

217 4555 430 4617 (¹)*1rreciriem
448 4562 544 4609 ratione.
577 4562 697 4616 Quoniam
717 4571 809 4623 tempus
839 4565 921 4610 circuli
936 4564 966 4611 ad
981 4567 1031 4629 ejus
1046 4567 1253 4614 circumferentiam
1266 4573 1332 4632 (470.
1346 4569 1398 4616 Lib.
1414 4569 1458 4632 1.),
1550 4603 1552 4606 -

181 4633 233 4682 quo
243 4618 324 4678 pulsus
334 4622 445 4679 percurrit
451 4625 552 4683 spatium
565 4625 587 4672 B
598 4627 625 4681 C,
636 4625 708 4673 estod
716 4635 809 4686 tempus
838 4627 937 4689 ideoque
947 4627 976 4675 ad
987 4640 1078 4690 tempus
1089 4631 1187 4693 duplum
1198 4633 1345 4678 oscillationis
1353 4633 1424 4679 unius
1431 4648 1460 4680 ex
1554 4623 1556 4628 ¹

182 4683 267 4730 datum
278 4684 426 4732 metuamus
440 4687 537 4750 integre
547 4688 644 4749 penduli
654 4691 722 4752 cujus
732 4690 808 4752 longi·
838 4691 875 4739 itu
885 4702 909 4738 et
918 4691 993 4740 reditu
1004 4694 1142 4754 compositae,
1155 4704 1183 4748 ut
1192 4695 1270 4743 radica
1280 4696 1360 4744 circuli
1370 4695 1400 4744 ad
1411 4697 1462 4761 eju

800 4775 823 4824 'l'
834 4781 849 4823 2
