3434 5500
204 414 320 487 Lrnnn'
331 422 504 515 Saeuum]
529 395 771 489 PRINCIPIA
794 419 1167 490 MATHEMATICA.
1426 432 1488 493 255

204 592 300 678 qudm
321 592 424 680 figura
444 594 578 679 cylindri
598 595 706 659 eisdem
731 596 883 660 diametro
908 596 1063 681 descripti.
1111 598 1151 661 ln
1175 598 1310 662 motibus
1333 598 1489 662 velocibus

205 700 378 763 resistentia
393 712 496 785 potest
510 724 578 765 esse
591 701 686 787 paulb
701 703 809 794 major,
830 716 995 787 propterea
1010 704 1094 789 quod
1109 705 1272 769 elasticitas
1287 717 1319 770 et
1333 728 1489 791 compres-

205 812 252 875 sio
265 812 354 875 fluidi
378 814 417 896 (¹¹)
434 836 498 876 non
520 815 742 899 augeanturin
761 811 917 898 duplicatis
940 815 1059 878 ratione
1081 814 1260 881 velocitatis.
1306 815 1369 881 Sed
1383 816 1490 902 hujus-

205 919 291 983 modi
305 921 452 983 minutias
467 920 598 984 hicnon
614 922 769 1006 expendo.

248 1028 291 1091 Et
306 1028 448 1118 quamvis!
461 1032 524 1103 ae'r,
539 1051 630 1113 aqua,
646 1041 810 1115 argentum
824 1028 929 1091 vivum
943 1028 1101 1117 etlsimilia
1114 1030 1219 1107 fluida,
1235 1052 1293 1115 per
1306 1029 1490 1099 divisionem

202 1136 337 1219 partium
354 1136 385 1197 in
401 1134 566 1213 infinitum,
583 1135 815 1199 subtiliarentur
829 1147 861 1199 et
871 1136 983 1199 fierent
996 1134 1100 1199 media
1112 1136 1232 1201 infinite
1246 1134 1343 1199 fluida
1351 1158 1360 1211 ;
1383 1146 1489 1219 tamen

202 1241 304 1327 globis
319 1242 465 1325 projectis
480 1240 566 1304 haud
578 1242 683 1305 minus
697 1242 884 1305 resisterent.
933 1241 1017 1305 Nam
1039 1242 1219 1319 resistentia,
1244 1242 1284 1306 de
1305 1238 1366 1327 qual
1386 1242 1489 1327 agitur

203 1351 235 1413 in
258 1351 528 1435 Pmpositionibus
549 1352 810 1437 praecedentibus,
837 1352 936 1415 oritur
956 1351 995 1414 ab
1015 1350 1125 1415 inertid
1145 1350 1302 1426 materiae3
1325 1362 1356 1414 et
1376 1350 1488 1413 inertia

203 1462 341 1523 materiae
363 1462 546 1545 corporibus
564 1460 734 1525 essentialis
749 1473 796 1524 est
816 1472 849 1525 et
871 1460 1038 1545 quantitati
1054 1460 1192 1523 materiae
1214 1480 1336 1542 semper
1357 1480 1487 1542 propor·
1510 1532 1512 1535 Ι

203 1562 335 1631 tionalis.
382 1569 443 1636 Per
458 1568 642 1632 divisionem
656 1568 793 1652 partium
805 1566 905 1643 fluidi,
922 1566 1095 1631 resistentia
1105 1588 1176 1652 quae
1188 1566 1286 1629 oritur
1297 1564 1488 1628 atenacitate

203 1687 235 1739 et
248 1675 391 1739 frictione
412 1676 549 1760 partium
571 1676 703 1741 diminui
725 1676 851 1761 quidem
872 1687 992 1760 potest:
1019 1675 1072 1739 sed
1098 1676 1251 1761 quantitas
1273 1674 1410 1738 materiae
1431 1694 1489 1757 per

202 1780 385 1844 divisionem
406 1784 543 1866 partium
558 1785 624 1868 ejus
638 1805 704 1846 non
718 1781 919 1857 diminuitur3
942 1793 973 1845 et
987 1796 1132 1845 manente
1153 1782 1324 1867 quantitate
1339 1780 1485 1856 materia,

202 1883 308 1951 manet
322 1890 388 1973 ejus
404 1890 449 1951 vis
464 1888 594 1967 inertiae,
617 1890 668 1951 cui
682 1887 866 1963 resistentia,
883 1887 923 1951 de
937 1886 998 1973 qual
1012 1887 1063 1949 hic
1078 1887 1189 1973 agitur,
1214 1906 1335 1969 semper
1355 1906 1488 1969 propor-

202 2000 325 2063 tionalis
340 2012 397 2064 est.
443 2001 490 2066 Ut
504 2001 574 2064 haec
587 1999 762 2064 resistentia
775 1998 977 2076 diminuatur,
994 1996 1126 2061 diminui
1141 1996 1236 2060 debet
1251 1994 1406 2080 quantitas
1419 1996 1488 2056 ma-

202 2108 288 2171 teriae
302 2109 335 2169 in
349 2107 456 2191 spatiis
470 2130 528 2193 per
543 2129 614 2194 quae
629 2130 762 2192 corpora
775 2118 948 2172 moventur.
988 2106 1031 2170 Et
1044 2118 1211 2189 propterea
1225 2104 1325 2189 spatia
1340 2103 1487 2180 coelestia,

202 2235 260 2297 per
274 2235 345 2298 quae
359 2214 446 2300 globi
460 2214 656 2297 planetarum
671 2226 703 2277 et
716 2227 908 2277 cometarum
922 2214 956 2275 in
971 2234 1079 2275 omnes
1090 2224 1194 2296 partes
1206 2210 1363 2276 liberrime
1377 2224 1411 2275 et
1423 2210 1490 2273 sine

203 2321 289 2382 omni
312 2334 420 2383 motus
443 2320 651 2387 diminutione
672 2319 810 2383 sensibili
823 2329 976 2403 perpetuo
997 2329 1171 2394 moventur,
1196 2317 1293 2380 fluido
1312 2317 1398 2379 omni
1420 2336 1489 2379 cor·

203 2448 302 2509 pareo
316 2426 536 2505 destituuntur,
553 2427 579 2491 si
593 2426 673 2491 forte
687 2446 817 2510 vapores
830 2424 925 2511 longa
936 2423 1131 2488 tenuissimos
1145 2436 1177 2486 et
1191 2425 1334 2507 trajectos
1348 2422 1424 2485 lucis
1439 2440 1488 2485 ra·

202 2532 272 2595 dios
286 2533 435 2617 excipias.

247 2640 424 2725 Projectilia
443 2642 552 2727 utique
573 2651 694 2705 motum
716 2642 797 2705 cient
817 2640 850 2704 in
872 2638 975 2705 fluidis
995 2637 1236 2727 progrediendo,
1261 2646 1293 2701 et
1312 2634 1364 2698 ltic
1378 2646 1489 2699 motus

202 2750 301 2812 oritur
315 2751 355 2814 ab
370 2773 498 2815 excessu
512 2750 681 2834 pressionis
695 2750 784 2813 fluidi
799 2749 840 2813 ad
855 2746 1024 2834 projectilis
1039 2760 1143 2832 partes
1158 2746 1276 2829 anticas
1292 2746 1386 2828 supra
1400 2765 1488 2827 pres-

202 2855 321 2921 sionem
336 2856 378 2920 ad
392 2859 457 2942 ejus
470 2871 575 2943 partes
590 2861 734 2945 posticas,
756 2873 787 2926 et
801 2885 866 2925 non
880 2863 983 2926 minor
998 2885 1065 2926 esse
1078 2873 1182 2946 potest
1195 2863 1231 2924 in'
1242 2858 1352 2938 mediis
1367 2856 1488 2920 infinite

201 2961 304 3024 fluidis
319 2984 412 3047 quam
428 2963 461 3026 in
475 2967 557 3042 aere,
574 2964 654 3051 aqud
664 2980 695 3030 et
710 2981 840 3054 argento
855 2968 925 3030 vivo
939 2989 998 3051 pro
1013 2967 1165 3030 densitate
1180 2965 1319 3029 materiae
1334 2964 1367 3026 in
1381 2962 1489 3048 singu·-

201 3066 251 3129 lis.
275 3067 341 3132 Hic
353 3080 457 3133 autem
466 3071 634 3153 pressionis
646 3094 801 3150 excessus,
817 3095 876 3157 pro
893 3073 1062 3158 quantitate
1078 3071 1355 3148 sud,.nontant'u1n
1368 3080 1489 3132 motum

203 3173 263 3235 ciet
276 3172 310 3236 in
323 3173 431 3251 fluido,
449 3176 486 3257 (⁰)
502 3175 558 3239 sed
573 3175 666 3240 etiam
680 3177 745 3264 agit
758 3178 791 3240 in
805 3177 966 3262 projectile
980 3176 1020 3240 ad
1036 3187 1155 3239 motum
1169 3177 1235 3262 ejus
1251 3171 1486 3238 retardandum:

202 3294 235 3345 et
244 3296 411 3366 propterea
425 3286 640 3351 resistentiain
651 3288 737 3350 omni
746 3288 845 3351 fluido
859 3300 907 3351 est
921 3299 956 3350 ut
970 3298 1072 3349 motus
1082 3285 1116 3348 in
1126 3285 1223 3347 fluido
1235 3307 1254 3347 a
1268 3281 1421 3368 projectili
1431 3303 1488 3346 ex·

193 3391 324 3469 citatus,
339 3415 398 3457 nec
412 3395 515 3458 minor
530 3385 597 3460 esse
610 3407 713 3480 potest
722 3398 756 3459 in
770 3396 886 3460 aethere
901 3396 1100 3460 subtilissimo
1113 3418 1172 3480 pro
1186 3395 1338 3458 densitate
1352 3391 1487 3486 aetheris,

203 3520 297 3586 quam
310 3500 344 3562 in
358 3505 439 3580 ae're,
455 3502 535 3589 aqud
550 3517 582 3568 et
595 3516 725 3591 argento
739 3507 810 3569 rivo
824 3528 884 3589 pro
897 3505 1102 3570 densitatibus
1116 3506 1230 3569 horum
1243 3501 1421 3567 fluidorum.

206 3669 258 3718 La.
269 3674 306 3720 Π.
317 3682 341 3720 et
349 3673 373 3718 in
380 3675 528 3734 sequentibus
539 3675 739 3736 Propoaitionibus
746 3692 832 3740 simpo-
864 3679 966 3733 locitans,
983 3677 1007 3722 in
1018 3675 1064 3738 qud
1075 3685 1154 3724 tamen
1169 3675 1249 3737 augeri
1265 3674 1381 3730 deberent,
1398 3670 1438 3719 uti.
1448 3685 1488 3718 ex·

205 3736 276 3782 situm
293 3747 335 3793 est,
352 3737 416 3798 globi
427 3747 451 3784 et
462 3739 568 3798 cylindri,
584 3755 685 3801 quorum
701 3742 783 3788 eadem
798 3749 834 3788 est
865 3742 966 3800 positum
977 3751 1012 3788 est
1022 3741 1046 3786 in
1057 3741 1216 3800 experimento
1229 3745 1265 3786 la.

201 3798 323 3856 diameter,
336 3802 448 3862 aequalem
460 3818 509 3848 esse
519 3804 678 3850 resistentiam.
894 3805 928 3866 (⁰)
942 3807 955 3834 *
968 3808 1011 3852 Sed
1026 3807 1093 3853 ctiam
1113 3807 1160 3866 agit
1176 3807 1202 3852 ia
1214 3803 1338 3866 quecrtte,
1355 3815 1396 3862 per
1411 3796 1488 3846 motfls

237 3864 273 3914 ill
287 3869 300 3895 ¹²
317 3867 547 3915 Noraaweanturin
558 3865 676 3928 dnquicatd
692 3870 778 3916 ratione
794 3884 829 3916 vc·
863 3868 953 3930 Legem
966 3867 1017 3916 ΙΙΙ.
1255 3901 1256 3904 =
