3434 5500
164 421 286 489 ‚Lranrr
295 424 462 506 Secura]
494 426 746 494 Pnlncrrla
759 428 1131 497 MATHEMATICA.
1390 450 1452 507 299

148 594 386 661 translationes
408 598 448 661 ab
470 597 613 676 invicem,
636 611 667 663 et
682 599 861 683 superficies
877 601 1033 687 contiguae
1054 603 1085 665 in
1109 605 1222 689 quibus
1235 606 1452 697 impressiones

168 703 257 768 fiunt.
304 706 338 770 Si
351 707 514 791 impressio
529 708 561 770 in
576 709 686 773 orbem
706 710 841 795 aliquem
862 712 961 795 major
970 723 1023 775 ,est
1037 714 1085 775 vel
1100 714 1203 779 minor
1218 740 1258 781 ex
1272 732 1361 802 parte
1377 744 1452 785 con-

166 810 240 873 cava
255 834 349 897 quam
363 834 404 875 ex
417 825 507 896 parte
521 814 679 892 convex33
700 808 882 899 praevalebit
901 815 1064 900 impressio
1078 818 1197 899 fortior,
1213 835 1245 887 et
1258 837 1378 889 motum
1400 850 1451 891 or-

166 916 213 980 bis
229 917 279 981 vel
300 919 486 983 accelerabit
507 922 557 984 vel
577 921 757 1000 retardabit,

164 1034 258 1106 prout
284 1026 319 1087 in
342 1025 474 1089 eandem
497 1026 655 1113 regionem
679 1050 752 1093 curn
850 1084 853 1088 ,

164 1128 260 1213 ipsius
274 1141 363 1195 motu
373 1131 420 1195 vel
429 1132 462 1193 in
477 1134 664 1197 contrariam
674 1134 750 1199 diri-

163 1235 255 1322 gitur.
289 1237 427 1301 Proinde
442 1251 477 1302 ut
490 1238 575 1302 orbis
584 1242 750 1327 unusquis·

163 1343 271 1427 quein
285 1356 372 1407 motu
386 1367 445 1408 suo
465 1345 661 1411 uniformiter
677 1370 750 1433 per-

162 1466 291 1530 severet,
321 1455 437 1518 debent
464 1456 682 1539 impressiones
707 1480 749 1522 ex

112 1579 117 1587 ·
161 1571 250 1643 parte
265 1561 397 1647 utrique
411 1563 471 1626 sibi
484 1564 616 1627 invicem
629 1566 749 1651 aeqnari
859 1637 865 1648 ⁸
914 1634 926 1655 ι,
973 1641 986 1658 .-

162 1678 194 1729 et
221 1666 291 1730 fieri
318 1668 352 1731 in
388 1669 533 1755 regiones
568 1672 747 1737 contrarias.

162 1773 201 1855 (Β)
219 1773 315 1838 Unde
337 1795 409 1838 cum
431 1776 652 1859 impressiones
676 1789 749 1843 sunt

160 1882 364 1967 utcontiguae
385 1881 566 1964 superficies
587 1884 748 1949 ethorum

160 1992 376 2057 translationes
404 1991 445 2056 ab
476 1994 618 2071 invicem,
656 2005 748 2059 erunt
1176 2072 1181 2082 ¹
1219 2074 1224 2086 Α
1259 2071 1263 2081 ,
1304 2080 1308 2091 ¹

159 2101 373 2167 translationes
384 2085 506 2169 inrerse
515 2117 549 2168 ut
557 2101 745 2189 superficies,
815 2093 842 2201 ...¹¹2
862 2094 886 2188 ²²,
899 2096 933 2196 ²2„
1111 2088 1261 2203 ,,.··’”.,··”’.,.-·””
1283 2096 1306 2189 ,.-·”

156 2212 218 2274 hoc
250 2224 307 2288 est,
345 2212 466 2277 inverse
498 2226 534 2277 ut
569 2213 747 2298 superficie-
840 2206 850 2233 ²
933 2196 944 2217 ”
1015 2195 1029 2211 ”

158 2339 228 2380 rum
253 2319 408 2383 distantiae
433 2321 473 2384 ab
496 2342 565 2384 axe.
609 2322 646 2406 (⁰)
666 2322 747 2385 Sunt

158 2437 262 2488 autem
277 2427 460 2504 differentiae
468 2439 609 2491 motuum
620 2428 751 2515 angula-

158 2532 239 2594 rium
253 2533 335 2609 circa
348 2556 440 2597 axem
454 2546 490 2597 ut
503 2534 554 2596 hae
568 2533 747 2598 translatio·

155 2661 212 2711 nes
227 2643 390 2726 applicatae
404 2644 445 2706 ad
459 2643 629 2723 distantias
653 2643 716 2709 sive
730 2656 766 2709 ut
787 2649 1004 2715 translationes
1026 2650 1143 2715 directe
1165 2663 1196 2715 et
1217 2649 1371 2715 distantia
1393 2649 1441 2712 iu-

155 2749 261 2825 verse3
286 2749 348 2814 hoc
369 2763 426 2828 est,
453 2752 625 2837 conjunctis
646 2753 828 2832 rationibus,
854 2755 1055 2840 utquadrata
1069 2756 1286 2821 distantiarum
1308 2755 1438 2820 inverse.

158 2858 265 2935 Quare
286 2860 312 2922 si
333 2856 375 2922 ad
397 2860 527 2924 infinitae
553 2873 647 2925 rectae
670 2862 740 2927 SA
756 2863 785 2927 B
801 2863 829 2927 C
844 2864 878 2927 D
896 2864 925 2927 E
942 2864 974 2940 Q
994 2875 1098 2949 partes
1122 2865 1256 2951 singulas
1279 2864 1439 2957 erigantur

156 2968 379 3054 perpendicula
395 2968 426 3032 A
440 2993 469 3046 a,
487 2970 516 3034 B
530 2970 562 3046 b,
580 2971 608 3035 C
623 2993 650 3047 c,
668 2971 701 3034 D
716 2971 748 3049 d,
766 2971 795 3035 E
809 2995 835 3048 e,
853 2973 910 3036 Sic.
927 2973 1063 3057 ipsarum
1081 2974 1154 3050 SA,
1173 2975 1195 3038 S
1210 2975 1247 3050 B,
1266 2973 1337 3049 SC,
1360 2971 1436 3049 SD,

157 3076 179 3138 S
196 3075 234 3152 E,
258 3076 315 3138 &c.
331 3076 488 3161 quadratis
503 3077 660 3161 reciproce
674 3079 928 3162 proportionalia,
952 3092 983 3143 et
996 3101 1053 3162 per
1068 3081 1215 3144 terminos
1230 3079 1438 3164 perpendicu-

155 3181 266 3244 larium
281 3181 354 3245 duci
368 3182 560 3268 intelligatur
581 3184 620 3268 (d)
636 3184 716 3248 linea
733 3206 827 3248 curva
844 3184 1063 3269 hyperbolica3
1086 3197 1176 3248 erunt
1198 3206 1327 3248 summae
1350 3183 1437 3246 diffe-

187 3349 247 3414 0)*
266 3353 333 3398 Unde
343 3350 399 3399 crim
416 3353 469 3415 (per
481 3352 562 3413 Hyp.)
579 3351 641 3400 orbis
655 3352 780 3414 unusquis·
813 3367 870 3413 pora
880 3352 964 3413 quibus
980 3351 1140 3398 describuntur
1156 3349 1250 3402 inverse.
1268 3360 1291 3398 et
1307 3350 1361 3397 dato
1377 3358 1435 3396 tem·

154 3428 200 3475 que
220 3413 247 3459 in
267 3423 333 3460 motu
356 3431 399 3461 suo
422 3415 570 3462 uniformiter
593 3425 730 3475 perseveret,
757 3425 781 3462 et
811 3432 867 3475 pore
877 3425 932 3462 sunt
942 3426 969 3462 ut
979 3416 1060 3478 auguli
1072 3415 1187 3474 descripti.
1222 3414 1295 3470 Hinc,
1312 3413 1435 3460 dstotem-

155 3479 252 3536 proinde
263 3477 425 3537 impressiones
436 3494 465 3524 ex
475 3491 573 3540 utraque
589 3491 653 3538 parte
668 3480 781 3542 cujusque
812 3495 875 3540 pore,
897 3489 1005 3527 motuum
1022 3478 1170 3541 angularium
1187 3477 1323 3524 differentiae
1338 3485 1393 3522 sunt
1409 3484 1436 3522 ut

155 3542 216 3588 orbis
226 3541 250 3586 in
259 3541 341 3604 plagas
349 3543 474 3588 contrarias
482 3545 549 3588 factae
558 3543 657 3604 aequales
665 3543 783 3602 siut3im·
814 3543 949 3590 differentia
973 3543 1114 3604 angulorum
1139 3541 1311 3602 descriptorum,
1335 3541 1378 3586 boc
1401 3548 1436 3586 est

151 3605 285 3664 pressiones
295 3605 350 3661 illa,
361 3605 415 3651 dato
426 3617 536 3665 tempore,
549 3606 608 3653 datae
623 3617 685 3660 sunt,
697 3616 720 3653 et
730 3604 783 3652 ideb
816 3611 882 3670 (154.
898 3606 950 3654 Lib.
966 3606 1000 3668 Ι.)
1020 3616 1048 3653 ut
1063 3606 1222 3652 translationes
1238 3613 1377 3664 punctorum
1393 3617 1435 3649 seu

102 3692 108 3707 ·
153 3668 212 3714 ratio
230 3668 359 3727 composita
377 3669 548 3717 curationibus
565 3670 742 3717 translationum
760 3678 783 3715 et
814 3669 1136 3729 superficierumabiuvicem
1152 3666 1237 3715 directe
1247 3677 1271 3715 et
1281 3667 1435 3714 distantiaab

153 3732 328 3792 superficierum
346 3733 517 3794 contiguarum,
534 3742 671 3795 qnaeestut
686 3734 782 3793 impres-
813 3749 857 3780 axe
868 3733 969 3780 inverse:
992 3749 1046 3780 nam
1063 3733 1222 3780 translationes
1237 3727 1283 3778 illa
1299 3740 1354 3778 sunt
1369 3745 1436 3777 arcus

152 3795 195 3850 sio,
206 3794 312 3842 damest.
345 3797 518 3842 Translatioues
527 3797 600 3860 igitur
611 3795 665 3843 dato
675 3806 780 3856 tempora
810 3797 933 3844 circulares
949 3813 1007 3858 quos
1022 3797 1114 3859 singula
1125 3805 1211 3857 puncta
1221 3810 1263 3856 per
1273 3809 1340 3841 suam
1350 3793 1435 3840 veloci-

152 3859 228 3913 sactae,
240 3869 295 3905 sunt
305 3858 398 3905 inverse
408 3869 436 3906 ut
446 3860 585 3919 superficies,
596 3861 641 3906 hoc
650 3869 692 3918 est,
703 3863 779 3924 iuver·
810 3869 882 3907 tatem
897 3860 1016 3908 relativam
1032 3860 1172 3916 describunt,
1190 3869 1213 3907 et
1228 3859 1343 3905 distantia
1354 3859 1383 3904 ab
1391 3872 1435 3904 axa

151 3921 628 3982 sbutarperficierumdistantiaeabaxe:
642 3924 779 3984 nameylin-¹
811 3935 867 3972 sunt
883 3925 977 3971 illorum
996 3940 1092 3971 arcuum
1111 3923 1176 3970 radii.
1213 3923 1259 3970 Sed
1276 3921 1436 3968 translationes

151 3986 248 4032 drorum
259 3986 365 4047 ejusdem
377 3987 530 4048 longitudinis
545 3986 677 4047 superficies
688 3997 743 4033 suut
754 3996 781 4033 ut
812 3987 868 4035 dato
878 3999 981 4048 tempore
991 3989 1065 4044 factae,
1078 3998 1133 4034 sunt
1144 3990 1182 4050 (er
1194 3985 1333 4041 demonstr.)
1346 3994 1373 4032 ut
1389 3984 1435 4031 dis-

149 4049 268 4096 distautiae
284 4052 315 4096 ab
332 4064 375 4096 axe
385 4049 490 4110 cylindri,
508 4050 580 4098 ethic
590 4065 672 4096 omnes
682 4050 779 4112 superli-
811 4053 891 4100 tantia
906 4053 936 4098 ab
951 4067 994 4098 axe
1009 4049 1104 4098 inverse.
1141 4048 1221 4105 Quare
1240 4049 1375 4097 differentia
1384 4063 1435 4095 ruo·

150 4113 198 4159 cies
216 4113 366 4173 cylindricae3
386 4129 439 4174 qua
454 4115 515 4160 eirca
530 4129 598 4160 arem
610 4114 727 4161 infinitum
743 4129 779 4160 re-
811 4125 881 4162 tuum
892 4116 1048 4178 angularium,
1065 4115 1120 4162 dato
1136 4121 1246 4174 tempore,
1266 4122 1321 4160 sunt
1336 4123 1363 4160 ut
1378 4127 1435 4174 qua·

149 4176 284 4232 volvuntur,
307 4186 363 4223 suut
381 4175 486 4239 ejusdem
508 4177 662 4239 longitudinis
682 4177 781 4225 infinita
811 4177 878 4225 drata
889 4178 1049 4226 distantiarum
1060 4176 1168 4225 inverse?

154 4245 209 4305 (per
221 4239 303 4300 Hyia)
839 4241 878 4352 g)
901 4247 915 4275 ⁹
935 4245 1010 4292 Linea
1031 4259 1101 4290 aaron
1123 4243 1270 4304 hyperbolica.
1314 4238 1433 4295 Quoniam

183 4303 219 4365 (⁶)
232 4308 311 4350 ³327.
326 4308 385 4351 Sunt
394 4313 472 4351 uadem
479 4307 615 4370 differentia
623 4316 778 4354 motuuman·
812 4294 839 4352 o‘r
856 4307 925 4352 'natae
943 4308 966 4352 A
977 4323 998 4362 a,
1016 4307 1073 4361 Bb,
1090 4307 1132 4352 &o
1150 4303 1303 4353 suntinverse
1313 4302 1436 4350 utabscis·

146 4370 278 4428 galerium,
301 4368 345 4413 dre.
380 4368 463 4413 Motus
484 4367 607 4430 angulares
627 4369 738 4415 dicuntur
755 4369 780 4423 ii,
813 4386 892 4416 sarum
911 4371 971 4426 SA,
991 4371 1050 4425 SB,
1067 4370 1109 4415 διο.
1122 4368 1248 4430 quadrata;
1265 4376 1379 4413 crescente
1394 4369 1435 4412 ab·

148 4431 234 4492 quibus
242 4431 336 4492 singula
345 4441 432 4489 puncta
446 4434 476 4486 A,
489 4432 517 4485 13,
530 4433 558 4487 C,
569 4432 602 4488 D,
611 4432 642 4485 E,
656 4434 698 4478 &c
712 4432 781 4478 radiis
813 4433 884 4480 scissa
895 4449 922 4480 ac
933 4434 983 4480 siue
999 4433 1046 4479 fine
1061 4432 1189 4493 productri3
1206 4430 1388 4490 correspondens
1398 4444 1436 4474 or·

148 4495 180 4542 ad
191 4508 259 4540 axem
270 4492 371 4553 cylindri
386 4493 606 4552 perpendiculariter
616 4495 693 4542 ductis
703 4510 781 4558 angu¹
812 4497 893 4544 dinata
909 4497 1019 4544 decrescit
1030 4505 1052 4543 et
1062 4511 1190 4558 numquam
1207 4493 1329 4550 evanescit,
1345 4502 1368 4539 et
1383 4491 1436 4540 ideo

147 4559 185 4605 los
203 4557 344 4604 describunt.
382 4557 443 4602 Sunt
461 4557 534 4618 igitur
554 4558 634 4619 auguli
657 4559 692 4604 illi
715 4559 780 4620 quasi
813 4571 877 4606 recta
894 4561 1251 4620 SQestrurvaeusymptotus;
1271 4566 1295 4603 et
1311 4555 1382 4603 simili
1397 4571 1436 4600 ra.

147 4621 225 4682 spatia
239 4620 351 4666 uniformi
369 4629 436 4664 motu
451 4619 573 4680 descripta,
593 4631 616 4666 at
632 4620 687 4671 ideo
702 4632 781 4670 motus
813 4625 876 4670 tione
892 4633 955 4684 patet
971 4633 1057 4671 rectam
1072 4621 1248 4685 perSductam
1258 4618 1392 4667 normaliter
1406 4619 1436 4665 ad
1513 4643 1516 4652 .

148 4683 276 4746 angulares
286 4691 342 4731 sunt
352 4692 380 4729 ut
391 4681 472 4744 anguli
483 4682 683 4744 descriptidirecte
691 4694 780 4733 ettam·
815 4688 1123 4745 SQessealteramcurvrc
1133 4694 1296 4748 asymptotum.
1363 4726 1369 4736 ‚
1447 4702 1449 4710 ·
