3434 5500
276 390 339 445 ³10
424 333 427 337 λ
509 376 512 381 ·
600 374 941 446 Puuosormm
965 340 1249 457 vetustiss,
1288 374 1560 457 [moseum.

785 650 789 656 '
835 636 992 702 Scholion.

315 808 355 873 lu
370 806 417 871 his
432 806 576 872 omnibns
590 828 734 895 suppono
748 805 880 871 fluidum
895 827 936 871 ex
950 804 1078 870 materiai
1094 804 1199 892 quoad
1213 803 1397 871 densitatem
1412 815 1444 870 et
1453 804 1557 875 fluidi-

217 957 220 969 ·
271 926 366 979 tatem
381 915 527 979 uniformi
541 929 692 981 constare.
737 913 818 979 Tale
833 927 880 979 est
894 914 927 977 in
942 937 1005 1000 quo
1019 914 1131 1003 globus
1147 914 1231 979 idem
1245 914 1356 980 eodem
1371 936 1442 978 cum
1455 928 1555 993 motu,

269 1020 304 1083 in
318 1022 428 1087 eodem
442 1021 591 1107 temporis
605 1021 777 1099 intervallo,
792 1034 896 1085 motus
911 1020 1026 1085 similes
1041 1033 1072 1084 et
1092 1020 1237 1106 aequules,
1261 1019 1302 1083 ad
1324 1021 1458 1106 aequales
1473 1044 1556 1085 sem-

269 1148 327 1213 per
341 1150 361 1191 a
374 1150 407 1191 se
421 1127 592 1205 distantias,
608 1126 708 1191 ubivis
723 1127 754 1189 in
769 1125 867 1190 fluido
888 1127 1084 1205 constitutus,
1106 1147 1282 1214 propagare
1296 1127 1404 1212 possit.
1450 1127 1556 1193 Cona-

269 1247 321 1300 tur
335 1236 462 1321 quidem
476 1236 606 1300 materie
619 1258 676 1321 per
690 1247 810 1301 motum
825 1257 916 1299 suum
931 1236 1115 1300 circularem
1130 1235 1276 1300 recedere
1290 1237 1329 1299 ab
1345 1257 1404 1299 axe
1418 1236 1552 1315 vorticis,

270 1356 302 1407 et
315 1355 481 1429 propterea
494 1340 608 1429 premit
627 1344 788 1409 materiam
809 1366 934 1409 omnem
958 1344 1145 1409 ulteriorem.
1191 1344 1243 1409 Ex
1256 1344 1316 1409 hic
1336 1346 1496 1429 pressione
1516 1346 1555 1411 fit

268 1451 391 1515 attritus
413 1452 549 1535 partium
571 1450 681 1515 fortior
694 1464 727 1516 et
741 1451 958 1535 seperatimab
978 1452 1110 1517 invicem
1132 1446 1302 1529 difficilior;
1327 1464 1358 1517 et
1371 1476 1429 1537 per
1443 1475 1553 1518 conse·

270 1579 369 1643 quens
383 1557 565 1621 diminuitur
579 1558 718 1621 materias
732 1556 879 1622 fluiditas.
926 1556 1048 1621 Rursus
1071 1558 1096 1621 si
1117 1570 1221 1643 partes
1241 1558 1331 1623 fluidi
1353 1571 1425 1622 sunt
1439 1559 1552 1623 alicubi

269 1665 434 1731 crassiores
449 1689 503 1732 seu
518 1668 661 1753 majores,
677 1651 813 1731 fluiditss
827 1668 871 1731 ibi
885 1666 988 1731 minor
1002 1668 1070 1745 erit,
1093 1668 1134 1731 ob
1148 1670 1309 1752 pauciores
1325 1668 1502 1753 superficies
1517 1669 1552 1733 in

269 1772 381 1857 quibus
395 1785 499 1857 partes
519 1785 701 1857 separentur
711 1773 751 1836 ab
765 1774 907 1837 invicem.
952 1772 992 1836 In
1012 1773 1189 1858 hujusmodi
1211 1775 1333 1840 casibus
1355 1774 1551 1840 deficientem

267 1877 452 1943 fluiditatem
465 1879 515 1943 vel
528 1879 702 1944 lubricitate
723 1880 859 1964 partium
873 1878 923 1944 vel
937 1878 1057 1943 lentore
1072 1878 1170 1945 aliive
1185 1880 1286 1967 aliqud
1302 1883 1479 1947 conditione
1500 1906 1551 1947 re·

269 1985 355 2051 stitui
368 2006 522 2070 suppono.
567 1986 644 2051 Hoc
657 1985 717 2048 nisi
731 1984 796 2063 fist,
812 1984 942 2050 materia
955 1985 1011 2050 ubi
1025 1985 1127 2050 minus
1141 1986 1237 2051 fluide
1259 1998 1305 2052 est
1326 1990 1425 2076 magis
1446 1988 1549 2053 cohae-

224 2122 227 2128 ·
268 2092 349 2155 rebit
362 2104 395 2156 et
408 2092 534 2179 segnior
548 2092 616 2169 erit,
631 2091 765 2178 ideoque
778 2102 899 2155 motum
913 2090 1031 2155 tardius
1046 2092 1175 2176 recipiet
1196 2092 1235 2177 (⁶)
1251 2104 1282 2157 et
1296 2092 1419 2181 longius
1432 2116 1549 2179 propa-

267 2200 355 2287 gabit
376 2198 470 2285 qudm
491 2222 551 2286 pro
576 2200 696 2265 ratione
718 2200 860 2286 superius
885 2198 1051 2287 assignati.
1096 2202 1133 2285 (θ)
1151 2203 1186 2268 Si
1199 2202 1302 2289 figura
1323 2204 1403 2268 vasis
1423 2225 1487 2267 non
1509 2204 1549 2271 sit

300 2374 334 2440 (⁶)
346 2379 361 2408 ⁰
372 2377 407 2426 Et
416 2377 508 2439 longius
518 2379 651 2440 propagabit
665 2376 737 2440 qudru
747 2393 792 2439 pro
801 2378 890 2425 ratium
921 2389 975 2422 rum
993 2374 1091 2425 circulos
1108 2374 1287 2431 describentium
1309 2385 1413 2437 tempore
1430 2376 1548 2438 periodica

266 2442 372 2501 morto
381 2440 506 2504 assignato.
541 2442 572 2489 ln
583 2441 738 2501 asperioribus
747 2441 890 2488 demonstra·
920 2449 987 2486 ersnt
998 2439 1082 2501 (Prop.
1097 2438 1173 2501 LlI.)
1190 2449 1218 2487 ut
1232 2439 1345 2503 quadrata
1355 2440 1516 2488 dismnuerum
1533 2456 1548 2487 ιι

267 2503 370 2552 tionibus
381 2504 509 2552 Nevvtonus
524 2506 646 2566 supposuit
661 2503 761 2552 fluidum
776 2505 887 2567 homoge-
920 2511 1001 2549 centro
1013 2503 1044 2559 S;
1063 2512 1132 2550 erunt
1141 2503 1167 2549 iu
1177 2505 1222 2551 hoc
1232 2518 1285 2551 vase
1295 2514 1323 2551 ut
1333 2504 1444 2566 quadrata
1454 2502 1546 2551 medio-

266 2580 341 2615 nsum
357 2582 407 2615 esse
422 2578 446 2617 et
462 2567 602 2629 pressionem
618 2568 705 2629 ubique
723 2567 850 2629 equalem
867 2568 887 2614 si
918 2564 994 2614 crium
1007 2564 1169 2615 distantiarum
1184 2582 1256 2632 quem
1266 2567 1379 2629 proxime.
1416 2568 1455 2617 sic
1473 2567 1546 2629 purti-

266 2629 321 2677 verd
331 2630 357 2676 in
366 2629 461 2678 diversis
471 2647 486 2678 a
495 2632 588 2679 vorticis
597 2640 677 2679 centro
687 2631 799 2678 distantiis
809 2630 887 2694 ulique

266 2692 889 2821 ‘munusculum
1215 2706 1240 2762 ⁰

266 2819 396 2870 lubricitate
406 2823 508 2883 partium
517 2824 554 2869 vel
564 2823 652 2870 lentore
662 2821 734 2870 eritve
744 2792 888 2885 nliqudbon-

266 2882 354 2931 ditione
364 2886 395 2932 ed
405 2886 559 2948 equalitatem
565 2886 655 2934 restitui
664 2886 781 2946 supponit,
798 2898 825 2933 ut
835 2901 888 2934 vor-

265 2955 305 2994 tex
315 2947 341 2994 in
351 2947 434 2996 eodem
447 2959 508 2996 statu
519 2949 589 3012 juxti
598 2950 661 3013 leges
670 2950 819 3010 proscriptas,
835 2965 888 3010 per.

266 3021 367 3059 manem
403 3013 458 3060 Hoc
469 3013 567 3070 nisifist,
579 3016 674 3061 materia
682 3015 721 3061 ubi
729 3013 888 3062 miuusfluido

266 3083 308 3131 est,
319 3075 394 3138 magis
404 3077 560 3124 roborentur
571 3076 663 3140 segnior
670 3078 718 3132 erit.
730 3075 829 3138 ideoque
837 3091 888 3123 mo-

266 3143 317 3184 tum
329 3141 423 3202 oglobo
437 3140 532 3187 ceutrnli
552 3141 751 3188 oommunicatum
769 3139 888 3188 difficilius

266 3215 294 3248 ac
303 3202 396 3256 tardilrs
414 3205 502 3251 caeteris
516 3205 616 3264 paribus,
637 3205 742 3264 recipiet;
762 3204 803 3251 sed
818 3205 887 3250 illurn

266 3263 360 3327 lougius
375 3268 533 3329 propegsbit'
552 3269 616 3315 Nem
631 3269 651 3314 si
667 3268 758 3315 vorticis
768 3277 843 3328 portes
853 3266 887 3315 ist

265 3326 326 3374 inter
341 3345 365 3376 se
376 3341 400 3378 et
410 3345 464 3376 cum
482 3331 553 3393 globo
571 3333 718 3389 cohaererent,
737 3339 765 3378 ut
781 3331 847 3379 nulli
863 3331 886 3378 vi

264 3402 357 3451 possent
367 3393 474 3453 seperari,
486 3409 533 3441 non
544 3405 620 3455 posset
629 3395 714 3458 globus
723 3395 830 3442 centralis
840 3395 885 3442 cir-

264 3456 387 3512 cumvolvi,
404 3459 462 3518 quin
480 3459 576 3505 materia
590 3467 640 3506 tota
657 3459 755 3513 vorticis,
774 3467 886 3520 tanquam

264 3518 335 3564 vectis
350 3519 447 3582 rigidus,
466 3521 537 3570 simul
555 3523 778 3570 circumvolveretur.
814 3522 886 3570 Unde

263 3580 311 3643 qud
321 3585 397 3644 magis
407 3594 483 3644 portes
493 3587 674 3644 dlacohaerent,
690 3585 719 3634 ed
729 3585 823 3649 lougius
832 3601 884 3632 mo-

263 3649 313 3689 tum
324 3661 338 3692 a
348 3647 418 3708 globo
433 3650 528 3697 centrali
544 3659 664 3709 occeptum
679 3659 814 3712 propagent.
849 3649 884 3697 Et

263 3705 317 3754 ided
328 3709 416 3756 etiarnsi
426 3713 522 3760 materia
531 3713 623 3760 vorticis
632 3714 776 3775 homogenee
786 3729 834 3760 nou
845 3713 882 3771 sit,
967 3708 972 3721 “

263 3778 287 3817 et
297 3773 382 3830 pressio
391 3774 512 3837 inequalis
522 3786 673 3837 supponatur,
689 3777 736 3822 rim
746 3792 812 3824 nram
823 3777 883 3824 obti-

263 3845 321 3880 nent
331 3836 485 3896 difficultetes‚
496 3856 553 3902 quas
559 3840 638 3887 contri
645 3840 758 3887 vorticum
766 3840 793 3886 in
799 3840 883 3888 naturd

261 3898 434 3956 possibilitatem
446 3903 577 3951 Newtonus
587 3903 740 3966 propossitis
752 3904 806 3952 Cor.
820 3909 842 3951 2.
856 3909 879 3952 4.

261 3966 285 4008 5.
298 3971 322 4008 et
333 3969 355 4010 6.
370 3963 441 4025 Prop.
456 3966 518 4014 LII.

305 4025 328 4086 e)
342 4030 354 4056 ⁸
368 4030 392 4074 Si
398 4032 482 4093 figura
501 4031 561 4080 υαιὶι
581 4048 629 4080 noa
643 4033 674 4079 rit
693 4033 811 4093 spriaericu.
847 4031 883 4080 Sit

263 4086 284 4134 C
332 4089 359 4136 H
372 4090 406 4147 K,
428 4091 504 4155 figure
521 4094 581 4141 rosis
598 4095 625 4142 in
645 4110 693 4159 quo
710 4095 816 4160 fluidum
831 4097 882 4143 sclo

260 4151 357 4210 sphaerae
374 4154 432 4201 ΑΙ,
451 4155 472 4203 F
486 4157 591 4218 impulsu
609 4169 693 4221 agaurr
709 4159 735 4205 iu
753 4162 840 4217 orbem,
857 4168 881 4206 et

259 4216 378 4273 particular
388 4216 454 4266 fluidi
464 4220 732 4282 qrroetssisnrperliciem
743 4223 763 4271 C
774 4223 834 4270 N‘H
845 4223 880 4282 K,

258 4279 405 4342 contingunt,
421 4286 576 4331 movebuntur
586 4285 611 4332 in
621 4285 689 4331 lineis
698 4300 747 4332 uon
762 4285 879 4333 circulari-

257 4341 308 4397 bus,
325 4342 365 4389 sed
376 4343 533 4394 conformibus
543 4346 619 4396 eide·
629 4349 688 4396 vasis
699 4348 788 4411 ligure,
806 4351 875 4409 parti·

257 4405 317 4478 oulae
334 4405 389 4454 vero
406 4424 460 4470 qun
477 4411 572 4470 spherae
584 4412 608 4458 A
620 4412 643 4459 1,
655 4412 797 4472 Fproximae
813 4423 876 4471 suut,
908 4418 968 4466 culte
985 4417 1007 4466 P
1021 4416 1120 4465 orbitarn
1132 4417 1154 4466 B
1166 4417 1189 4466 P
1201 4417 1225 4466 G
1238 4418 1260 4466 B
1274 4418 1422 4468 describentis
1436 4428 1534 4484 tempus

257 4469 355 4544 circulos
365 4471 501 4520 describent.
538 4473 608 4522 Unde
617 4474 665 4537 qud
674 4477 749 4538 magis
758 4478 878 4536 porticulus
908 4481 1050 4542 periodicum
1069 4481 1113 4529 erit
1133 4497 1204 4544 quem
1224 4481 1329 4542 proxime
1344 4492 1372 4530 ut
1389 4484 1533 4546 quadratum

256 4529 323 4579 dordr
334 4549 350 4580 a
359 4535 448 4593 sphaerei
453 4537 555 4611 ‘cernuli
565 4537 657 4593 distant,
664 4538 698 4613 ’ed
708 4539 877 4616 turpis-orbita·
907 4545 1021 4620 distantia
1033 4545 1055 4592 P
1068 4546 1092 4602 S,
1111 4561 1164 4620 puae
1174 4558 1209 4594 est
1219 4546 1295 4594 medit
1310 4547 1454 4596 arithmetica
1469 4550 1533 4596 inter

255 4597 877 4729 summotum
907 4607 1532 4737 retinentissimum:
