3434 5500
250 410 315 469 969
576 393 917 463 PHILOSOPHIAE
940 392 1213 459 NATURALIS
1266 394 1374 474 [Mor.
1386 396 1543 461 Coneon.

249 572 302 629 tP,
313 581 324 619 t
334 588 358 633 p,
368 571 424 618 hinc
434 569 489 616 iude
500 570 605 621 trabitur,
621 576 766 628 exponantur
776 582 818 627 per
827 575 879 613 tan.
911 564 941 611 tis
951 563 1060 611 distantia
1070 564 1173 611 maxime
1183 566 1213 612 ab
1223 580 1266 612 axe
1284 566 1307 612 A
1322 566 1339 615 S
1355 568 1447 627 punctis
1462 569 1541 617 omni·

249 646 331 698 gentes
348 636 399 681 illas
414 634 522 696 tequales,
541 644 565 679 et
581 632 679 694 singulae
695 631 838 677 resolvantur
853 630 879 676 in
911 631 955 674 bus
968 628 1018 689 jam
1036 628 1213 689 quiescentibus,
1236 645 1309 691 eaque
1328 632 1358 678 sit
1374 633 1446 695 hujus
1461 648 1540 680 curvae

249 700 308 746 duas
323 700 380 747 alias
395 699 461 748 vires,
477 697 511 743 vis
526 695 621 758 quidem
638 696 682 743 tP
698 695 721 740 in
738 695 797 740 vires
810 701 879 741 tzet
910 701 993 739 natura
1009 702 1036 738 ut
1051 700 1174 739 curvatura
1190 693 1216 738 in
1229 694 1293 747 Qsit
1308 694 1338 740 ad
1354 706 1502 743 curvaturam
1511 699 1539 744 in

249 779 263 810 a
276 764 304 817 P,
322 772 346 810 et
356 763 390 809 vis
400 772 437 822 tp
453 762 478 807 in
495 762 553 807 vires
564 771 574 806 t
584 776 603 815 z,
620 775 661 807 seu
678 775 690 805 a
701 774 713 804 r
728 769 751 805 et
767 774 803 817 rp
819 758 879 803 vires
911 758 939 812 P,
955 756 981 801 iu
992 757 1082 803 ratione
1093 754 1207 802 distantiae
1220 758 1244 811 Q
1255 758 1278 805 lt
1289 758 1319 803 ad
1330 757 1463 806 distantium
1477 762 1497 807 P
1509 762 1535 808 S.

248 828 303 881 21³,
315 843 328 873 a
338 842 362 889 p,
373 825 473 887 aquales
483 834 505 871 et
516 826 627 884 opposita
638 822 731 869 nullutn
742 832 834 869 motum
850 822 876 867 in
910 820 966 866 Hoc
976 820 1050 877 posito
1060 818 1104 865 eris
1114 821 1247 867 acceleratio
1261 824 1286 867 in
1306 818 1331 877 Q
1345 823 1374 869 ad
1391 823 1539 871 acceleratio.

249 906 303 939 arcu
319 889 512 949 Ppprodueent,
529 897 553 934 at
564 889 691 934 viribustr
702 898 726 932 et
737 902 749 931 r
760 900 778 941 r,
796 884 874 939 simul,
907 884 998 930 nemin
1014 884 1069 930 Pin
1085 881 1167 929 aridem
1185 885 1274 931 ratione
1293 887 1352 940 QR
1368 887 1397 933 ad
1417 888 1467 935 Ps
1485 891 1540 952 (per

249 970 291 1001 seu
302 954 325 1001 vi
336 954 384 1001 tort
395 966 404 1000 t
415 968 433 1010 r,
450 953 475 998 in
486 952 611 999 directione
621 961 631 998 t
641 966 660 1009 r,
676 950 724 997 sive
737 950 759 996 P
771 950 794 996 0
807 964 876 1009 urge-
909 948 977 994 Lem.
992 946 1098 1007 superius
1109 948 1177 1009 999.)
1189 947 1288 1009 ideisque
1296 948 1364 996 initio
1375 950 1453 997 motuis
1462 953 1538 1011 spatia

249 1018 319 1065 bitur.
356 1016 410 1064 Erit
423 1018 494 1079 igitur
505 1015 539 1061 vis
549 1014 633 1062 motrix
644 1014 691 1076 qud
702 1013 814 1074 particula
826 1014 875 1072 Pp
907 1012 975 1059 simul
987 1026 1095 1071 percursa
1108 1012 1160 1073 Qq.
1175 1012 1227 1071 Pp,
1240 1023 1308 1060 erunt
1317 1012 1341 1059 in
1348 1013 1428 1061 eidem
1437 1016 1537 1073 ratione,

248 1081 274 1127 in
284 1081 411 1131 directione
421 1090 432 1127 t
441 1096 454 1127 r
463 1089 567 1142 urgetur,
584 1078 614 1125 ad
629 1078 663 1125 fili
677 1077 804 1124 tensionem
816 1077 840 1122 in
854 1078 876 1124 P
907 1087 931 1123 et
941 1075 1031 1122 divisim
1043 1076 1116 1135 spatia
1127 1074 1281 1134 percurrenda
1291 1092 1305 1139 q
1320 1078 1351 1134 R,
1363 1092 1378 1137 p
1391 1079 1414 1135 S,
1431 1090 1501 1127 erunt
1511 1080 1539 1126 in

248 1145 285 1193 rel
296 1160 312 1207 p
322 1160 363 1207 per
378 1158 450 1207 quarn
465 1153 590 1207 generatur
600 1142 635 1189 vis
645 1141 686 1189 illa
702 1151 728 1189 ut
739 1140 811 1188 trad
822 1150 832 1188 t
844 1140 872 1187 P.
907 1138 989 1189 eidem
1001 1139 1089 1185 ratione
1103 1138 1128 1193 Q
1141 1138 1164 1187 R
1175 1139 1205 1185 ad
1218 1140 1280 1198 1³8,
1293 1139 1356 1189 unde
1367 1141 1437 1198 etiam
1447 1144 1538 1191 accele-

938 1203 1039 1249 rationes
1055 1217 1120 1249 novae
1136 1202 1160 1248 in
1177 1206 1270 1263 punctis
1280 1219 1295 1265 q
1306 1213 1329 1250 et
1340 1220 1362 1264 p,
1380 1216 1449 1253 eruut
1458 1206 1484 1253 in
1495 1206 1537 1254 eri-

939 1265 994 1313 dem
1010 1266 1099 1313 ratione
1112 1267 1137 1321 Q
1149 1268 1173 1314 n
1189 1267 1218 1313 ad
1237 1267 1258 1313 P
1271 1268 1287 1314 S
1299 1270 1365 1330 (299,
1379 1269 1447 1330 298.)
1466 1280 1538 1332 atque

939 1339 1010 1377 erunt
1025 1329 1055 1376 ad
1071 1330 1247 1377 accelerationee
1257 1330 1344 1391 priores
1354 1333 1378 1378 in
1392 1334 1418 1387 Q
1427 1343 1450 1381 et
1463 1335 1490 1389 P,
1508 1344 1538 1383 ut

939 1393 1054 1440 distantiae
1065 1410 1080 1456 q
1092 1396 1115 1440 n
1125 1404 1148 1442 et
1160 1411 1175 1454 p
1186 1395 1202 1441 S
1212 1393 1242 1441 ad
1250 1394 1368 1444 distantias
1381 1396 1438 1451 Qli
1450 1408 1473 1445 et
1486 1397 1532 1445 PS

941 1460 1008 1520 (999,
1023 1458 1097 1519 998.)
1134 1456 1201 1521 Ergo
1211 1458 1292 1519 puncti
1303 1458 1405 1521 cujusvis
1418 1460 1446 1516 P,
1463 1461 1499 1508 vel
1509 1463 1538 1508 in

940 1519 1024 1567 eidem
1045 1522 1115 1568 curvi
1139 1522 1162 1568 A
1185 1523 1210 1577 Q
1235 1521 1256 1569 P
1279 1524 1299 1570 C
1326 1523 1363 1569 rel
1389 1523 1414 1580 in
1434 1523 1538 1573 ‘diversis

942 1587 966 1632 A
986 1587 1012 1640 Q
1027 1585 1049 1632 P
1062 1586 1081 1631 C
1101 1594 1125 1632 et
1147 1586 1166 1631 A
1184 1601 1200 1648 q
1216 1601 1231 1645 p
1246 1601 1267 1641 e,
1289 1585 1384 1646 spectati
1401 1588 1538 1636 acceleratio

940 1663 1031 1709 semper
1041 1657 1075 1696 est
1086 1657 1114 1696 ut
1124 1648 1228 1711 ejusdem
1244 1649 1353 1698 distantia
1363 1664 1390 1697 ac
1400 1666 1443 1697 are
1458 1651 1539 1699 motus

943 1714 966 1759 A
978 1713 1006 1760 C.
1034 1712 1114 1767 Quare
1126 1716 1178 1775 (per
1190 1714 1260 1773 Prop.
1271 1712 1318 1760 LI.
1329 1712 1383 1761 Lib.
1397 1715 1430 1773 1.)
1447 1727 1538 1775 puncta

941 1776 1019 1823 omnia
1030 1776 1095 1823 nervi
1105 1776 1136 1824 ad
1146 1790 1213 1823 arem
1224 1775 1294 1824 simul
1306 1777 1450 1837 perveniunt,
1464 1778 1536 1827 dmul

940 1840 1040 1888 redeunt
1049 1848 1073 1887 et
1083 1840 1236 1888 oscillatioues
1246 1840 1350 1902 singulas
1359 1852 1474 1904 peragunt
1481 1842 1538 1891 dato

882 1878 910 1941 G
941 1913 1045 1965 tempm
1066 1904 1096 1951 au
1112 1904 1183 1951 inem
1198 1903 1299 1964 eorporis
1314 1904 1338 1950 tn
1355 1905 1457 1966 cyclotde
1468 1908 1537 1955 aetr-

941 1966 1016 2015 lantis.
1053 1969 1086 2023 Q.
1100 1984 1121 2015 e.
1134 1967 1159 2015 d.
1392 1976 1397 1999 ·“

975 2036 1025 2081 Car.
1039 2037 1062 2079 9.
1091 2032 1116 2079 Si
1132 2031 1218 2079 chorda
1235 2032 1322 2093 plectro
1340 2032 1412 2080 modo
1429 2049 1538 2094 perarma

941 2094 1048 2141 nondum
1069 2096 1172 2143 induerit
1192 2096 1291 2143 formam
1316 2111 1392 2143 curvae
1413 2097 1438 2143 in
1460 2098 1537 2158 primo

942 2173 996 2205 casu
1007 2158 1136 2221 descripta,
1154 2159 1197 2206 erit
1212 2160 1370 2206 curvaturam
1383 2161 1405 2208 P
1415 2160 1444 2208 ad
1455 2177 1538 2209 cuma·

542 2275 548 2287 ·
859 2275 866 2287 ι
941 2230 1019 2269 turam
1029 2222 1055 2268 in
1068 2224 1092 2278 Q
1103 2225 1127 2269 in
1139 2223 1220 2286 majori
1230 2224 1266 2271 rel
1275 2223 1359 2269 minori
1369 2224 1538 2287 rationequdm

248 2282 296 2331 seu
314 2282 353 2345 (ει
369 2275 453 2326 namra
469 2275 561 2336 unuh)
578 2276 680 2339 merlus
690 2284 702 2323 t
713 2276 735 2323 P
745 2291 764 2333 r,
783 2274 879 2337 aquus
911 2282 1060 2333 distantiae
1073 2287 1129 2335 sar
1140 2287 1271 2334 distensam
1290 2288 1316 2341 Q
1327 2287 1359 2334 a.
1394 2287 1430 2335 sn
1444 2288 1469 2334 fn
1486 2304 1537 2337 ma.

246 2358 283 2396 est
296 2343 384 2407 angulo
397 2342 418 2389 P
430 2342 453 2388 0
465 2357 488 2402 p,
505 2354 560 2415 oum
577 2354 645 2387 meus
658 2340 706 2414 Pp
717 2339 747 2386 sit
757 2338 879 2400 amesque
907 2348 954 2410 jori
964 2351 1059 2405 ratione,
1070 2362 1094 2398 et
1104 2352 1148 2398 erit
1158 2350 1266 2398 velocitas
1276 2351 1301 2395 in
1312 2350 1340 2407 P,
1352 2350 1381 2397 sd
1393 2341 1537 2399 'velocitatem

246 2424 363 2463 mentum,
374 2403 877 2479 “pmpoefedfflllnssffssummelssPolis
910 2414 934 2459 in
949 2415 980 2469 Q,
999 2414 1023 2459 in
1043 2416 1131 2461 ratione
1150 2416 1238 2477 majore
1257 2429 1327 2476 quam
1349 2414 1400 2462 Ps
1418 2414 1447 2462 ad
1468 2418 1494 2471 Q
1505 2418 1536 2471 R,

245 2474 321 2521 simile
336 2480 371 2518 est
386 2469 503 2532 triangulo
518 2467 628 2515 trotceltt
640 2468 692 2514 Pr·
730 2464 811 2541 Qtfffl'i
830 2466 877 2541 Pl’
911 2478 981 2540 (299)
993 2488 1016 2524 et
1027 2479 1126 2537 spatium
1141 2478 1188 2547 Pp
1204 2488 1308 2538 tempore
1323 2478 1420 2525 minimo
1436 2479 1538 2540 descrip-

245 2546 281 2586 est
290 2539 321 2584 td
333 2536 354 2583 P
366 2535 389 2581 0
401 2542 449 2580 ult
462 2531 514 2579 fad
525 2541 535 2578 ἴ
548 2532 576 2589 Pr
593 2533 637 2578 ¹²0⁰
648 2541 691 2587 0⁸2,
708 2538 736 2577 bi
747 2545 782 2577 V¹⁸
792 2540 877 2576 ¹¹1⁰tf¹¹
910 2551 962 2588 tum
973 2541 1004 2588 ad
1015 2544 1114 2601 spatium
1128 2542 1182 2603 Qq,
1195 2541 1276 2589 eodan
1286 2550 1389 2602 tempore
1397 2542 1540 2601 descriptum

245 2602 293 2664 qud
302 2597 415 2660 particula
434 2597 480 2670 Pp
496 2596 521 2642 in
532 2594 658 2642 directione
669 2603 680 2640 t
691 2609 703 2639 r
713 2609 756 2668 seu
769 2594 791 2671 P
802 2594 824 2640 0
836 2609 877 2639 ut·
909 2605 934 2651 in
950 2604 1039 2651 ratione
1055 2606 1141 2667 majore
1151 2620 1222 2667 quant
1236 2606 1257 2653 P
1269 2606 1285 2651 S
1301 2604 1331 2651 ad
1350 2607 1375 2661 Q
1387 2607 1418 2661 R,
1438 2605 1539 2669 ideoque

244 2676 315 2729 getur
325 2662 355 2710 ad
367 2661 399 2706 iili
411 2670 540 2707 tensionem
550 2659 629 2705 datam
642 2658 673 2714 G,
690 2666 714 2704 02
726 2656 781 2703 “¹⁰⁰
790 2672 825 2703 ’Β
835 2657 877 2705 lli!
909 2669 1000 2716 divisim
1008 2668 1069 2729 eritp
1077 2670 1176 2717 Sminor
1184 2678 1289 2729 respectu
1300 2668 1453 2731 PS,qutmq
1463 2671 1494 2727 R,
1502 2686 1540 2718 re-

244 2778 280 2816 est
289 2775 317 2813 ut
328 2727 391 2808 gp·
428 2764 491 2810 Cum
508 2760 580 2824 igitur
596 2761 630 2806 vis
645 2759 791 2808 gcoelmffix
803 2759 833 2806 ,pt
850 2761 877 2806 qn
909 2744 993 2809 spectu
1004 2734 1074 2808 Q'R3
1087 2733 1176 2796 etquis
1186 2742 1371 2782 curvaturarum
1384 2733 1498 2782 distantiis
1509 2736 1540 2784 ab

910 2813 953 2844 are
961 2807 1077 2844 mmuttur
1085 2813 1112 2844 ac
1123 2798 1267 2846 coincidente
1278 2797 1348 2844 currit
1359 2813 1413 2845 cum
1421 2813 1464 2844 are
1473 2799 1541 2848 nulla

244 2805 383 2917 rationepds)
390 2863 492 2912 matricis
506 2862 591 2911 directi
601 2871 625 2910 et
635 2863 738 2910 materie
754 2860 879 2909 movendae
911 2861 994 2918 evadit,
1011 2861 1055 2908 erit
1065 2861 1134 2910 etiam
1147 2871 1271 2909 curvatura
1281 2861 1305 2908 in
1314 2877 1337 2921 p,
1347 2861 1424 2908 minor
1432 2872 1541 2921 respectu

244 2931 335 2980 inverse
347 2935 400 2994 (per
408 2929 463 2977 Det'.
475 2934 498 2975 8.
510 2928 564 2975 Lib.
576 2926 609 2987 Ι.)
621 2937 646 2973 et
656 2927 752 2973 materia
761 2925 880 2972 movenda
911 2934 1040 2972 curvatura
1057 2925 1081 2970 iu
1101 2925 1127 2980 P,
1145 2941 1215 2986 quam
1226 2935 1349 2972 curvatura
1359 2924 1383 2970 in
1394 2941 1417 2986 q,
1435 2935 1542 2986 respectu

243 2997 323 3044 sitbic
334 3005 362 3043 ut
375 2995 429 3054 Pp,
446 2995 476 3039 ob
492 2991 606 3054 aqualem
622 2989 708 3053 ubique
719 2990 784 3037 nervi
795 2990 880 3037 crassi-
911 2997 1041 3036 curvaturae
1052 2988 1077 3035 iu
1091 2990 1122 3044 Q,
1140 2998 1163 3036 et
1173 2988 1229 3037 iude
1240 2990 1311 3052 (999)
1324 2988 1459 3038 acceleratio
1475 2990 1500 3036 ia
1516 3005 1541 3050 p,

244 3098 359 3154 munem,
378 3095 422 3144 ern
438 3095 473 3142 va
488 3093 634 3142 munna
650 3101 678 3140 ut
695 3059 763 3180 ifl-O,
780 3091 805 3139 u

244 3211 287 3259 est,
298 3201 323 3249 in
334 3200 423 3249 ratione
433 3196 523 3246 inversi
536 3197 595 3246 radii
611 3196 692 3244 circuli
707 3210 803 3243 curram

243 3265 370 3314 osculantis
380 3265 405 3311 in
418 3264 447 3320 P,
463 3259 562 3323 ideoque
578 3261 603 3308 in
618 3261 707 3307 udone
720 3275 803 3308 curra·

243 3329 340 3378 turasio
352 3329 374 3378 P
385 3332 451 3393 (121.
466 3327 519 3374 Lib.
535 3323 580 3386 l.).
617 3325 648 3380 Q
662 3339 682 3371 e.
696 3323 720 3370 d.

405 3519 638 3569 PROPOSll'lO.

275 3656 331 3699 800.
357 3652 382 3699 n·
392 3652 475 3697 olorda
491 3651 580 3697 murico
591 3649 615 3695 A
627 3651 648 3696 0
655 3648 802 3711 uniformiter

243 3730 320 3763 nossa
334 3723 356 3762 et
368 3717 470 3775 pondere
490 3715 511 3761 G
526 3723 598 3768 tenso,
617 3709 651 3760 ild
669 3713 802 3774 inflectatur

243 3781 301 3826 dunt
316 3788 414 3835 resonat,
430 3787 458 3825 ut
468 3776 518 3837 eius
531 3778 641 3837 elongatio
657 3777 755 3822 maxima
771 3777 801 3821 ab

244 3858 285 3888 uae
295 3840 369 3888 motds
380 3843 404 3888 A
417 3839 527 3904 Csitserd
537 3841 673 3888 insensibilis
683 3848 704 3886 et
715 3837 802 3886 &eduis

244 3908 352 3953 tensionis
367 3922 416 3952 non
426 3913 530 3952 mutetur
542 3919 586 3964 per
601 3912 695 3950 unctum
710 3905 801 3950 citordoe

244 3971 408 4030 longitudinem
423 3971 450 4015 in
465 3967 589 4030 majoribus
603 3969 650 4014 ruis
661 3969 688 4012 ab
704 3982 744 4012 one
755 3967 801 4013 dis-

245 4034 325 4080 tantiis
334 4041 357 4078 el
367 4034 486 4079 inclinatio
497 4033 615 4078 radiorum
628 4039 759 4078 curvaturae
770 4032 802 4075 ad
812 4043 878 4076 oram
911 4025 990 4072 minor
1001 4031 1106 4086 respectu
1117 4022 1287 4096 accelerationis
1298 4023 1322 4071 itt
1334 4025 1362 4082 P,
1373 4038 1443 4087 quam
1454 4024 1547 4072 eccele-

245 4098 330 4156 nsgligi
341 4097 419 4156 possit,
437 4112 463 4142 eo
474 4097 518 4142 erit
528 4105 617 4143 notura
628 4095 740 4142 cumceA
754 4096 774 4146 Q
786 4096 810 4141 P
823 4093 880 4140 ein
912 4091 972 4136 ratio
984 4089 1009 4134 in
1020 4105 1042 4150 q,
1055 4099 1162 4148 respectu
1172 4087 1343 4136 accelerationis
1353 4090 1378 4136 in
1393 4089 1424 4143 Q.
1445 4088 1548 4152 Maioris
1599 4123 1607 4140 .

245 4178 318 4224 quum
329 4162 411 4208 olorda
422 4161 545 4206 oscillando
556 4161 691 4222 inflectitur,
708 4160 733 4204 in
744 4159 825 4218 quouis
840 4172 880 4201 or·
913 4155 988 4214 igitur
1009 4152 1137 4200 velocitatis
1157 4152 1322 4199 acceleratione
1344 4167 1435 4214 semper
1453 4152 1548 4200 decres-

245 4227 315 4272 ticulo
331 4221 407 4271 moltis
423 4223 523 4283 ejusdem
535 4226 625 4270 chordae
635 4231 662 4269 ut
673 4223 749 4269 ducas
756 4237 800 4281 pro
812 4223 880 4267 libitu
913 4226 979 4264 cente
991 4226 1014 4262 et
1025 4217 1121 4262 minoris
1129 4216 1256 4263 velocitatis
1263 4217 1428 4264 acceleratione
1439 4233 1453 4264 e
1463 4216 1548 4264 contre

247 4291 360 4337 ordinatis
370 4290 400 4334 od
411 4302 476 4332 asem
486 4290 628 4334 nonnullius
641 4289 660 4339 Q
671 4289 702 4340 R,
715 4288 764 4332 PS
777 4287 808 4332 sit
823 4300 881 4331 cur·
913 4295 1006 4340 semper
1017 4289 1141 4336 crescente,
1157 4290 1263 4340 respectu
1274 4279 1439 4327 distantiarum
1456 4283 1485 4328 ab
1501 4297 1549 4328 are

246 4363 331 4401 umura
347 4355 374 4400 in
393 4354 420 4404 Q,
438 4353 469 4396 od
479 4359 630 4398 curvaturam
640 4353 666 4396 in
679 4353 707 4404 P,
725 4351 786 4401 th
802 4352 832 4405 R,
850 4349 882 4393 ad
917 4346 939 4391 A
955 4345 984 4400 C,
1001 4354 1079 4390 motus
1089 4345 1149 4390 iuter
1160 4359 1184 4390 se
1195 4342 1289 4390 tandem
1301 4342 1334 4390 itt
1344 4347 1550 4405 temperabuntur,

251 4420 304 4471 ΡΣ,
316 4433 344 4463 11⁶
352 4423 442 4476 immiti
453 4415 530 4460 mnia
545 4417 570 4465 Q,
590 4418 612 4462 P
626 4414 810 4460 simulationem
824 4428 882 4472 per-
914 4418 942 4454 ut
960 4408 1053 4467 punctis
1072 4409 1127 4454 Pet
1141 4408 1165 4462 Q
1180 4408 1366 4467 pervenientibus
1376 4410 1401 4454 in
1412 4409 1464 4456 loca
1479 4426 1549 4471 quae.

247 4483 359 4528 veniernia
369 4480 595 4527 elsirnulredeuntiu
604 4480 752 4524 oscillationes
762 4491 818 4523 suus
829 4491 882 4521 om·
915 4473 970 4519 dam
982 4487 1005 4518 m
1018 4481 1041 4518 et
1052 4486 1075 4527 n,
1088 4481 1138 4517 tum
1150 4472 1288 4526 velocitates,
1306 4481 1357 4518 turn
1369 4473 1551 4522 accelerationcs

246 4561 287 4593 nes
307 4547 383 4592 eodem
399 4553 497 4604 tempore
510 4550 623 4602 peragam
641 4545 672 4588 ad
692 4543 767 4588 instar
779 4541 883 4600 penduli
916 4538 1002 4582 future
1014 4534 1061 4580 sint
1077 4534 1191 4583 distantiis
1206 4550 1230 4581 m
1244 4536 1267 4590 S,
1284 4551 1300 4581 n
1314 4537 1338 4582 R
1353 4538 1548 4596 proportionales,

248 4611 370 4656 oscillantis
380 4608 523 4670 incyolor'ds.
915 4596 1015 4660 ideoque
1031 4598 1102 4645 curvi
1120 4600 1142 4645 A
1154 4614 1169 4644 n
1181 4613 1206 4645 nr
1220 4599 1248 4655 C,
1264 4600 1314 4662 jam
1331 4601 1444 4647 existente
1463 4601 1550 4648 eidem

282 4676 332 4720 Cor.
348 4677 369 4719 t.
396 4671 432 4719 Sit
441 4685 512 4719 curva
525 4670 548 4719 A
562 4670 588 4724 Q
599 4667 621 4715 P
633 4667 653 4716 C
664 4667 756 4715 chordae
766 4665 878 4714 oscdlau·
917 4676 989 4727 quam
1007 4662 1169 4723 descripsimus
1186 4664 1211 4710 in
1230 4661 1293 4712 Casu
1312 4669 1343 4722 1.,
1363 4675 1443 4712 motus
1461 4665 1550 4714 debinc
