3434 5500
280 442 342 500 814
599 433 941 501 PHILOSOPHIAE
964 432 1236 502 NATURALIS
1294 433 1402 515 [Mos.
1420 434 1558 501 Gonnos

280 606 384 692 quoad
413 606 597 672 densitatem
619 629 718 685 suam,
750 629 853 693 neque
875 606 978 693 quoad
999 608 1063 671 vim
1084 606 1210 671 insitam
1234 618 1289 670 aut
1313 606 1453 693 figuram.
1477 628 1567 669 suant

279 723 426 789 mutatur,
442 714 616 778 movebitur
635 712 746 778 eidem
760 714 829 801 lege
843 735 880 777 ac
894 714 999 798 prius:
1022 726 1054 777 et
1068 724 1187 790 contra,
1211 712 1237 775 si
1252 712 1376 777 vorticis
1395 734 1468 796 pars
1490 733 1565 775 con-

278 820 382 907 gelata
395 832 426 884 et
440 821 540 885 solida
554 821 694 907 ejusdem
709 823 749 886 sit
763 821 923 885 densitatis
945 842 1017 887 cum
1040 820 1161 906 reliquo
1182 820 1309 895 vortice,
1338 832 1368 882 et
1390 818 1564 882 resolvatur

278 929 312 991 in
326 929 467 1007 fluidum,
489 929 665 994 movebitur
678 930 748 994 haec
761 928 871 994 eidem
885 928 954 1017 lege
969 952 1006 994 ac
1018 931 1116 1015 prius,
1140 927 1199 991 nisi
1214 927 1366 1015 quitenus
1380 928 1477 1011 ipsius
1491 950 1564 1013 par·

277 1034 384 1097 ticulae
403 1036 470 1119 jam
494 1036 601 1099 fluidae
624 1035 716 1099 factae
739 1021 924 1099 moveantur
948 1036 1030 1099 inter
1055 1058 1098 1099 se.
1143 1034 1330 1121 Negligatur
1351 1033 1446 1120 igitur
1459 1045 1564 1097 motus

276 1144 500 1227 particularum
513 1146 594 1239 inter
608 1168 652 1223 se,
679 1158 827 1231 tanquam
841 1145 883 1208 ad
897 1145 992 1209 totius
1006 1126 1128 1208 motum
1152 1142 1384 1229 progressivum
1405 1141 1450 1205 nil
1472 1164 1563 1225 spec·

277 1259 357 1326 tans,
385 1264 417 1315 et
436 1264 540 1315 motus
561 1252 656 1315 totius
678 1251 761 1316 idem
776 1252 835 1316 erit
848 1274 886 1316 ac
899 1252 997 1336 prius.
1042 1251 1154 1317 Motus
1173 1262 1277 1315 autem
1300 1248 1385 1313 idem
1411 1250 1469 1313 erit
1490 1272 1564 1313 cum

276 1368 365 1419 motu
387 1344 517 1421 albium
538 1358 664 1423 vorticis
688 1358 824 1442 partium
838 1381 857 1421 a
872 1370 979 1423 centro
1000 1357 1161 1443 aequaliter
1182 1356 1372 1434 distantium,
1396 1368 1563 1441 propterea

277 1462 364 1547 quod
377 1462 511 1552 solidum
525 1464 558 1525 in
572 1463 703 1537 fluidum
717 1465 888 1528 resolutum
902 1464 939 1527 fit
952 1486 1025 1549 pars
1039 1464 1164 1527 vorticis
1187 1462 1308 1527 caeteris
1330 1463 1470 1546 partibus
1486 1487 1563 1527 con-

276 1568 395 1633 similia.
441 1568 528 1657 Ergo
554 1569 697 1648 solidum,
725 1570 750 1633 si
774 1571 814 1635 sit
838 1570 977 1655 ejusdem
999 1569 1158 1634 densitatis
1180 1590 1252 1633 cum
1273 1568 1402 1633 materiis
1423 1570 1561 1648 vorticis,

277 1674 387 1739 eodem
401 1686 488 1739 motu
503 1696 575 1738 cum
589 1676 685 1761 ipsius
699 1677 840 1760 partibus
854 1676 1040 1753 movebitur,
1056 1676 1089 1739 in
1104 1672 1232 1739 materiai
1247 1674 1391 1758 proxime
1406 1676 1564 1741 ambiente

275 1780 403 1845 relative
428 1782 600 1867 quiescens.
645 1782 702 1847 Sin
726 1782 852 1847 densius
867 1784 915 1861 sit,
941 1784 1058 1869 (¹¹)jam
1079 1783 1179 1871 magis
1198 1783 1362 1847 conabitur
1376 1784 1522 1847 recedere
1544 1809 1564 1848 a

276 1902 383 1953 centro
397 1890 523 1953 vorticis
537 1887 631 1977 quim
644 1890 749 1973 prius;
764 1890 899 1976 ideisque
913 1890 1038 1955 vorticis
1053 1890 1116 1955 vim
1130 1890 1225 1967 illam,
1238 1888 1299 1976 qui
1310 1891 1398 1974 prius
1409 1890 1443 1951 in
1458 1891 1561 1955 orbiti

276 1994 332 2058 sui
347 2008 494 2081 tanquam
509 1997 542 2058 in
556 1996 731 2082 aequilibrio
745 1998 947 2060 constitutum
962 1998 1162 2075 retinebatur,
1173 1998 1240 2082 jam
1255 2016 1414 2080 superans,
1438 2000 1564 2064 recedet

275 2126 294 2167 a
309 2118 416 2168 centro
431 2115 462 2168 et
475 2105 663 2168 revolvendo
677 2105 833 2171 describet
846 2102 1002 2191 spiralem,
1025 2130 1090 2171 non
1104 2108 1238 2193 amplius
1252 2108 1286 2171 in
1301 2109 1436 2172 eundem
1450 2110 1562 2173 orbem

275 2295 403 2357 compositi
414 2311 443 2345 ex
453 2295 543 2345 ratione
552 2312 652 2345 summa
662 2297 746 2345 virium
758 2296 900 2363 centriiuga·
931 2298 956 2345 in
967 2316 1016 2365 quo
1023 2300 1123 2363 planeta,
1132 2298 1187 2349 edm
1196 2300 1289 2349 densior
1296 2309 1338 2359 est,
1347 2300 1471 2357 descendit,
1481 2310 1504 2347 et
1512 2302 1554 2348 ubi

187 2382 191 2389 ·
275 2376 330 2408 rum
346 2360 439 2408 orbium
457 2361 564 2410 omnium
585 2362 722 2409 inferiorum
743 2364 773 2409 ad
794 2372 901 2409 centrum
921 2366 1005 2425 ,rarior
1025 2375 1067 2420 est,
1086 2364 1196 2422 ascendit,
1217 2364 1254 2411 vel
1271 2380 1341 2427 grave
1356 2376 1390 2411 est
1405 2364 1430 2411 in
1446 2375 1554 2411 centrum

276 2424 350 2487 usqud
369 2426 468 2483 vorticis,
484 2440 513 2471 ex
532 2425 621 2484 radone
635 2426 762 2473 velocitatis
776 2425 824 2488 quai
834 2430 901 2473 orbes
931 2429 1025 2478 vorticis
1035 2428 1073 2475 vel
1083 2444 1139 2475 non.
1175 2428 1199 2475 si
1211 2443 1281 2491 grave
1297 2443 1345 2474 non
1363 2429 1400 2485 sit,
1420 2428 1513 2489 planeta
1528 2429 1554 2474 in

266 2490 381 2551 ‘contigui
397 2492 427 2536 ab
445 2489 544 2537 invicem
561 2499 703 2549 separantur,
723 2500 747 2537 et
765 2504 794 2537 ex
812 2490 902 2536 ratione
930 2492 1008 2541 medio
1018 2492 1101 2539 rariori
1111 2490 1205 2551 positus,
1219 2492 1348 2554 eodemque
1358 2506 1412 2539 cum
1424 2492 1555 2539 madioillo

276 2552 390 2600 distantiae
409 2552 501 2600 orbium
518 2553 612 2599 illorum
630 2570 645 2600 a
661 2565 741 2601 centro
747 2572 756 2613 ;
777 2552 842 2599 nudi
861 2569 902 2613 per
930 2556 1216 2621 gyrationismotuactus,
1229 2557 1309 2617 majori
1321 2554 1344 2600 vi
1359 2572 1374 2602 a
1392 2566 1472 2602 centro
1490 2570 1554 2603 rece·

275 2617 389 2678 analysim
400 2616 494 2663 deducit
504 2626 608 2678 tempora
617 2616 732 2677 periodica
740 2617 840 2677 partium
849 2632 901 2663 vor-
933 2622 988 2667 dere
999 2628 1023 2666 et
1033 2618 1140 2679 spiralem
1151 2619 1302 2680 trajectoriam
1314 2617 1462 2666 describendo
1473 2620 1499 2664 in
1516 2620 1555 2665 in.

275 2680 328 2727 ticis
338 2680 443 2740 sphaerici
453 2680 592 2742 homogenei
602 2696 651 2727 asse
659 2681 684 2725 in
694 2681 783 2727 ratione
793 2680 899 2727 radicum
934 2685 1029 2731 finitum
1040 2671 1102 2729 abire
1113 2682 1180 2739 dehet
1186 2698 1193 2739 3
1206 2692 1229 2728 et
1240 2682 1327 2741 contri,
1339 2684 1431 2743 planeta
1441 2683 1466 2727 in
1474 2680 1555 2731 medio

276 2744 411 2792 cubicarum
421 2744 540 2806 dignitatis
549 2744 637 2806 quinta
645 2744 805 2793 distantiarum
816 2761 831 2792 a
844 2760 899 2791 cen·
917 2801 919 2809 Α
934 2746 1034 2796 densiori
1052 2745 1154 2806 primum
1170 2745 1303 2803 collocatus,
1324 2749 1354 2794 ad
1377 2757 1483 2794 centrum
1510 2763 1555 2808 per

275 2818 327 2866 tr03
345 2823 425 2854 aarum
441 2807 495 2855 verti
510 2808 649 2855 celeritatem
660 2811 703 2854 sub
719 2804 834 2870 aequatore
850 2825 899 2856 esse
934 2810 1041 2872 spiralem
1052 2809 1137 2856 lineam
1149 2809 1261 2870 perpetui>
1271 2811 1395 2866 accederet,
1407 2811 1471 2872 quod
1481 2812 1555 2858 medii

184 2918 193 2931 ,
275 2871 392 2932 reciproca
403 2873 427 2917 in
437 2872 526 2918 ratione
541 2872 624 2918 radicis
639 2873 726 2919 cuhicae
736 2872 841 2935 quadrati
852 2872 899 2918 dis·
934 2873 1045 2922 densioris
1055 2874 1129 2934 major
1140 2887 1188 2920 esse
1198 2873 1280 2920 debeat
1291 2874 1324 2920 vis
1335 2875 1464 2936 centrifuga
1482 2875 1553 2936 quim

276 2936 402 2983 tantiamm
412 2950 426 2982 a
436 2945 522 2982 canno.
559 2935 583 2982 si
593 2936 619 2982 in
629 2937 750 2997 hypothesi
767 2937 899 2984 Bemoullii
933 2939 1033 3000 planeta
1043 2937 1140 2984 tamaris
1175 2934 1315 2985 Simedium
1331 2952 1400 3000 grave
1415 2940 1445 2985 sit
1463 2939 1486 2984 in
1498 2955 1554 2986 cen·

275 2999 409 3062 negligatur
426 2999 460 3044 uis
478 2998 553 3055 vectis
571 2999 653 3046 eodem
672 2999 762 3047 calcqu
778 3015 825 3061 quo
841 3015 899 3046 usus
920 2997 993 3046 'trum
1004 2999 1101 3058 voracis,
1118 3000 1236 3062 ipsiusque
1247 3002 1353 3056 donatas,
1371 3002 1558 3048 decrescentibus

276 3073 318 3119 est,
328 3073 433 3123 tempora
442 3063 557 3122 periodica
563 3063 715 3111 inveniuntur
721 3063 899 3125 proportionalia
930 3063 1044 3110 distantiis
1053 3079 1068 3110 a
1078 3073 1165 3121 centro,
1176 3073 1268 3119 crescat,
1281 3063 1377 3112 coelestis
1387 3065 1489 3110 materiae
1496 3064 1556 3110 den·

275 3126 608 3189 radicibuscubicisdignitatis
615 3139 705 3190 quartis
715 3127 899 3174 disanaaruma
930 3127 992 3184 sitas,
1009 3129 1040 3174 ob
1050 3141 1143 3186 parvam
1154 3127 1281 3174 orbitarum
1290 3143 1348 3190 quas
1359 3128 1456 3188 planete
1468 3127 1555 3174 descri-

276 3201 371 3249 centro;
382 3191 401 3236 si
409 3189 463 3237 serd
471 3206 629 3251 supponamus
635 3192 797 3251 impressiones
806 3191 899 3238 orbium
929 3192 996 3247 hunt,
1023 3191 1225 3249 excentricitatem,
1253 3191 1348 3253 aequalis
1368 3192 1455 3238 mutui
1476 3201 1556 3251 potest

276 3253 302 3300 in
314 3254 431 3302 semutud
442 3254 520 3311 iactas,
537 3271 586 3301 esse
596 3257 621 3301 in
631 3255 720 3302 ratione
732 3253 859 3315 compositi
870 3269 898 3300 ex
930 3253 1037 3302 densitati
1054 3254 1168 3316 cujusque
1186 3255 1286 3314 planetas
1302 3256 1357 3302 huic
1373 3257 1475 3302 materiae
1486 3255 1555 3302 iuna-

275 3318 365 3366 ratione
375 3318 526 3379 pressionurn,
537 3320 626 3366 ratione
636 3318 784 3366 velocitatum
793 3318 900 3366 relativa·
930 3317 1014 3377 tantis3
1034 3327 1102 3380 atque
1117 3316 1176 3366 adei>
1186 3318 1287 3366 densitas
1298 3319 1394 3366 coelestis
1404 3318 1507 3366 materiae
1523 3319 1554 3367 ad

275 3397 330 3430 rum
340 3392 364 3430 et
374 3383 461 3430 ratione
470 3383 653 3442 superficierum,
669 3379 773 3442 tempora
783 3381 900 3442 periodica
931 3379 1063 3428 distantiam
1075 3382 1167 3429 Saturni
1179 3381 1274 3445 equalis
1284 3382 1328 3430 erit
1335 3383 1442 3430 densitati
1451 3383 1554 3441 Saturni,

278 3445 447 3494 Bemoulliano
462 3446 551 3494 calculo
566 3445 899 3508 inveniunturquadratisdis-
919 3444 960 3510 ⁸ad
979 3445 1110 3492 distantiam
1126 3445 1199 3503 Jovis,
1218 3447 1310 3506 Martis,
1331 3447 1373 3494 dac.
1398 3446 1494 3508 aequalis
1510 3447 1555 3494 erit

275 3511 400 3558 ruinarum
410 3510 594 3572 proportionalia,
602 3512 636 3557 uti
647 3511 776 3557 Newtonus
783 3524 899 3576 persuum
930 3507 1038 3556 densitati
1048 3511 1132 3555 horum
1142 3508 1296 3571 planetarum,
1312 3519 1336 3558 et
1346 3525 1427 3557 omnes
1437 3510 1484 3556 illae
1495 3509 1553 3556 den-

182 3571 190 3585 ’
276 3574 421 3636 hypothesim
437 3575 571 3633 invenerat3
590 3574 643 3621 etsi
654 3589 710 3620 curn
727 3574 763 3620 his
778 3573 851 3623 tn'bus
861 3588 897 3620 ra·
917 3572 1007 3624 ,sitates
1028 3580 1097 3620 erunt
1113 3573 1174 3622 inter
1192 3590 1217 3620 se
1234 3574 1260 3622 in
1281 3575 1370 3622 ratione
1391 3573 1554 3634 subdupltmat

275 3639 378 3686 tionibus
393 3647 545 3698 componatur
560 3639 619 3685 ratio
629 3637 854 3684 dinandaeacentro
871 3645 898 3684 ut
929 3635 1111 3684 distantiaruma
1121 3637 1174 3684 Sole
1182 3637 1303 3698 reciproce.
1332 3639 1357 3685 Si
1365 3638 1441 3699 itaque
1450 3637 1554 3684 Telluris

276 3702 311 3748 vis
326 3702 396 3749 vectis
412 3703 560 3762 exprimatur,
580 3711 684 3762 tempora
701 3701 816 3761 periodica
832 3716 897 3760 repe·
920 3699 1029 3748 'densitas
1044 3701 1167 3748 mediocris
1181 3711 1325 3762 supponatur
1340 3702 1434 3764 aequalis
1445 3701 1553 3748 densitati

276 3766 370 3813 riuntur
385 3766 563 3827 proportionalia
573 3765 688 3812 radicibus
698 3765 785 3814 cubicis
795 3766 896 3827 dignita·
928 3778 1003 3825 aquae,
1022 3765 1116 3812 materia
1127 3765 1223 3812 coelestis
1233 3766 1294 3814 inter
1306 3765 1385 3814 Solem
1394 3775 1419 3812 et
1430 3765 1554 3812 Tellurem

276 3829 307 3877 tis
322 3831 426 3890 septimas
446 3829 608 3878 distantiarum
625 3845 640 3876 a
655 3840 741 3876 centro.
776 3830 830 3892 Ha
843 3827 899 3876 rard
916 3825 921 3892 ’Δ
929 3829 1054 3876 constituta
1070 3827 1131 3890 aqut
1146 3829 1238 3876 densior
1254 3830 1297 3878 erit
1307 3839 1330 3878 et
1340 3845 1463 3890 corporum
1477 3829 1552 3876 motui

277 3894 391 3956 analogica
408 3894 607 3957 omnesaregulai
625 3892 666 3940 itta
685 3891 835 3954 Kepleriani,
851 3891 899 3955 quai
929 3891 1032 3939 maxime
1046 3892 1141 3940 resistet.
1178 3893 1224 3940 Sed
1239 3903 1266 3941 ut
1282 3909 1311 3942 ex
1327 3903 1470 3940 cometarum
1481 3893 1553 3940 moti-

277 3965 382 4018 tempors
392 3957 508 4020 periodica
518 3967 652 4005 statuuntur
662 3973 710 4004 esse
721 3958 746 4004 in
756 3957 844 4005 ratione
851 3957 897 4004 ses·
930 3957 982 4012 bus,
1004 3955 1099 4018 aliisque
1121 3958 1317 4004 observationibus
1338 3966 1434 4015 constat,
1456 3957 1554 4004 materia

277 4021 403 4084 quipticata
418 4021 586 4078 distantiarum,
608 4021 754 4068 dissentiunt.
792 4021 827 4068 Ut
841 4018 897 4088 ergd
929 4019 1027 4066 coelestis
1034 4020 1094 4066 inter
1103 4021 1339 4068 SolemetTellurem
1348 4021 1422 4068 motui
1429 4035 1554 4081 mrpomm

277 4085 369 4132 vorticis
380 4085 482 4146 sphaerici
490 4087 554 4148 leges
564 4101 620 4132 cum
632 4085 729 4145 Kepleri
740 4084 832 4132 sancitis
841 4101 898 4132 con·
929 4082 1027 4130 minime
1037 4084 1128 4132 resistit
1164 4085 1228 4132 Nam
1244 4095 1386 4132 cometarum
1402 4094 1482 4132 motus
1497 4093 1555 4132 sunt

275 4149 340 4196 eiliet
357 4148 514 4207 Bemoullius,
531 4149 642 4210 supponit
656 4147 793 4197 <leudastem
809 4148 899 4195 vorticis
930 4147 1021 4195 summe
1032 4147 1156 4211 regulares,
1173 4157 1196 4196 et
1206 4150 1299 4197 casdem
1309 4149 1373 4212 legas
1383 4163 1437 4196 cum
1464 4150 1553 4196 lancta-

276 4229 326 4261 esse
337 4213 362 4259 in
371 4213 460 4260 ratione
470 4213 633 4273 sutdupticatt
642 4213 757 4261 distantia
773 4222 852 4260 centro
860 4227 898 4259 re-
930 4226 983 4257 rum
994 4213 1095 4259 motibus
1105 4212 1232 4268 observant,
1244 4223 1268 4262 et
1278 4214 1303 4259 in
1313 4228 1394 4260 omnes
1404 4227 1439 4258 coe
1471 4213 1554 4274 plagas

277 4276 374 4337 ciprocd,
391 4277 496 4337 planetas
505 4275 560 4324 veni
570 4293 618 4324 non
628 4292 677 4324 esse
687 4276 791 4340 eJusdem
806 4292 899 4336 prorsus
915 4275 1046 4340 'liberrime
1061 4274 1175 4333 feruntur,
1192 4284 1262 4338 atque
1277 4277 1308 4324 ad
1325 4276 1404 4325 Solem
1420 4291 1494 4340 usque
1505 4275 1554 4324 sere

277 4340 397 4388 densitatis
407 4357 462 4388 cum
472 4341 550 4388 medio
560 4341 634 4388 fluido
644 4342 669 4387 in
679 4336 726 4403 quo
736 4340 840 4401 primbm
850 4341 900 4386 col·
931 4348 1052 4400 penetrant
1063 4339 1112 4387 sine
1122 4341 1256 4388 resistendi.

276 4403 411 4461 locatisunt,
418 4402 517 4467 ideisque
523 4407 553 4452 oh
559 4405 828 4469 majoremvelmiuorem
835 4419 902 4452 suam
965 4403 1000 4466 (³)
1013 4407 1026 4434 *
1039 4407 1095 4454 Jam
1104 4407 1177 4466 magis
1188 4407 1314 4454 conuhtar.
1349 4404 1413 4451 Nam
1424 4405 1458 4450 ris
1468 4403 1555 4452 centri.

275 4468 413 4516 densitatem
424 4471 449 4515 in
459 4485 488 4516 eo
498 4469 575 4515 medio
585 4468 711 4518 successit&
727 4468 864 4516 descendere
877 4477 900 4514 et
930 4465 988 4530 iuga
998 4467 1089 4524 motrir,
1102 4469 1189 4515 caeteris
1199 4471 1300 4528 paribus,
1312 4479 1411 4531 augetur
1421 4469 1457 4515 vel
1466 4468 1555 4514 minui-

276 4534 408 4592 ascendere,
431 4531 577 4580 intereadbm
601 4532 705 4580 circulari
727 4543 793 4580 motu
810 4531 901 4580 vorticis
931 4539 970 4578 tur
980 4531 1005 4577 in
1016 4533 1104 4578 ratione
1120 4533 1253 4593 quantitatis
1268 4536 1370 4580 materia
1388 4537 1441 4596 (per
1458 4533 1514 4579 Des.
1529 4537 1551 4578 8.

276 4597 429 4656 abripiuntur,
446 4613 474 4643 ex
485 4599 570 4658 quihus
579 4596 681 4644 motibus
691 4596 761 4645 simul
771 4595 903 4657 compositis
934 4595 986 4643 Lib.
1000 4595 1034 4657 1.)
1047 4605 1069 4642 et
1079 4597 1180 4643 materias
1191 4597 1314 4659 quantitas,
1331 4595 1386 4644 dato
1401 4599 1504 4658 corporis
1513 4611 1555 4642 vo-

277 4669 407 4708 nascuntur
437 4661 545 4720 ellipticae
565 4659 709 4722 planetarum
728 4661 863 4724 trajectoriae
879 4669 902 4706 et
933 4659 1030 4718 lumine,
1048 4670 1147 4721 augetur
1156 4662 1193 4710 vel
1203 4661 1317 4712 minuitur
1331 4660 1462 4709 iuratione
1478 4659 1553 4708 densi·

276 4724 424 4784 apheliorum
441 4725 561 4774 tennsmm
570 4734 654 4774 motus.
675 4725 722 4773 Sed
729 4726 835 4774 medium
842 4725 902 4774 illud
933 4723 986 4772 tatis
998 4727 1031 4789 (2.
1043 4724 1095 4776 Lib
1111 4724 1147 4786 Ι.)
