3434 5500
172 429 461 509 Lrnrn'Saeunu]
492 431 733 497 PRINCIPIA
757 433 1156 502 MATHEMATICA..
1395 446 1452 503 191

659 939 842 1014 SECTIO
868 941 957 1013 VII.

367 1139 427 1210 De
443 1147 536 1210 motn
544 1139 739 1232 fluidorum
755 1153 790 1212 et
806 1141 1003 1213 resistentid
1012 1142 1253 1236 prcy'ectilinm.

352 1425 633 1493 PROPOSITIO
656 1427 811 1498 XXXJI.
857 1427 1128 1492 THEOREMA
1150 1427 1280 1491 XXVI.

176 1621 210 1684 Si
221 1641 374 1702 corporum
389 1631 546 1704 systemata
561 1625 619 1684 duo
633 1623 745 1685 similia
762 1644 798 1694 ea
813 1624 924 1703 aeqzati
939 1625 1160 1702 particularum
1179 1643 1300 1684 nmnero
1313 1629 1456 1696 constent,

214 1737 244 1790 et
264 1729 429 1808 particulae
452 1729 710 1808 correspondentes
731 1728 841 1789 similes
862 1728 924 1789 sint
944 1736 973 1788 et
991 1728 1246 1808 proportionales,
1276 1729 1402 1809 singula
1424 1727 1459 1788 in

213 1855 273 1895 nno
297 1843 451 1917 systemate
478 1835 606 1916 singulis
629 1835 663 1894 in
686 1835 792 1909 altero,
820 1843 849 1895 et
873 1833 1013 1894 similiter
1036 1835 1104 1896 sitce
1128 1835 1209 1894 inter
1227 1853 1267 1906 se,
1295 1853 1332 1893 ac
1353 1835 1459 1894 mam

213 1943 344 2005 labeant
365 1943 513 2004 rationem
534 1943 692 2004 densitatis
714 1943 757 2002 ad
779 1941 913 2015 inuicem,
940 1949 970 2001 et
992 1942 1072 2002 inter
1085 1961 1116 2002 se
1131 1940 1308 2020 tenporibus
1327 1959 1459 2022 propor-

190 2119 192 2122 ,
217 2052 382 2113 tionalibns
402 2051 542 2113 similiter
561 2052 672 2113 moueri
694 2051 844 2131 incipiant
866 2047 930 2132 (ea
944 2050 1068 2112 inter'se
1082 2069 1148 2132 qua
1162 2052 1196 2111 in
1208 2071 1268 2112 nno
1282 2059 1350 2112 sunt
1368 2058 1459 2132 syste-

214 2167 294 2219 mate
307 2165 337 2218 et
352 2167 394 2218 ea
409 2158 489 2218 inter
499 2177 533 2218 se
548 2176 614 2238 qim
627 2157 744 2218 suntin
759 2155 878 2239 altero)
899 2156 971 2219 etsi
990 2177 1051 2217 non
1075 2165 1206 2239 tangant
1223 2178 1255 2219 se
1273 2165 1372 2218 medua
1395 2175 1461 2238 qua

217 2267 251 2327 in
275 2267 374 2328 eodem
395 2276 464 2328 sunt
476 2275 640 2350 systemate,
665 2267 726 2329 nisi
740 2267 774 2327 in
788 2267 940 2327 momentis
953 2266 1155 2350 ryleaionum,
1178 2287 1272 2348 neque
1286 2266 1458 2342 attrahant,

215 2373 381 2455 uelfitgent
394 2393 425 2434 se
438 2369 546 2447 mmcd,
563 2373 624 2434 nisi
638 2371 751 2434 uiribns
766 2370 1023 2434 acceleratricilns
1038 2391 1104 2453 qne
1119 2373 1181 2432 sint
1194 2380 1228 2432 ut
1235 2373 1462 2451 particularum

216 2480 504 2560 correspondentiam
520 2480 661 2541 diametri
676 2474 790 2542 inversi
804 2488 835 2540 et
848 2479 1000 2560 quadrata
1021 2480 1207 2540 mlocitatum
1229 2474 1361 2539 directi.-
1389 2478 1457 2538 dico

214 2585 294 2667 qnod
306 2593 491 2667 systematum
501 2586 663 2664 partiudae
678 2587 740 2647 illae
748 2593 878 2667 pergent
893 2585 972 2645 inter
985 2605 1016 2646 se
1029 2585 1207 2666 temporibus
1215 2583 1462 2666 proportionali·

215 2689 267 2755 lus
282 2689 318 2775 (¹)
334 2690 475 2753 similiter
488 2691 608 2754 moumi.

220 2862 367 2946 Corpora
381 2862 493 2925 similia
513 2873 545 2925 et
566 2862 706 2926 similiter
727 2863 785 2926 sita
805 2864 997 2946 temporibus
1020 2863 1305 2947 proportionalibus
1326 2864 1408 2927 inter
1429 2884 1463 2926 se

175 2968 315 3031 similiter
328 2969 446 3031 moveri
461 2968 541 3045 dico,
566 2989 698 3053 qnorum
714 2969 789 3032 situs
805 2969 845 3032 ad
859 2970 991 3032 invicem
1005 2969 1038 3031 in
1053 2970 1116 3033 fine
1137 2983 1315 3053 temporum
1337 2969 1463 3032 illorum
1544 3024 1548 3030 .

175 3095 297 3157 semper
311 3084 383 3137 sunt
398 3073 528 3137 similes:
550 3071 627 3158 putei
642 3074 668 3139 si
678 3074 838 3158 particulae
853 3076 946 3138 unius
961 3076 1134 3160 systematis
1150 3098 1222 3137 cum
1243 3074 1369 3139 alterius
1390 3096 1463 3159 par·

173 3182 275 3246 ticulis
290 3180 603 3263 correspondentibus
618 3180 825 3246 conferantur.
872 3182 967 3247 Unde
981 3195 1123 3265 tempora
1137 3194 1230 3245 erunt
1243 3183 1463 3266 proportiona-

173 3289 223 3367 lia,
234 3288 389 3374 inquibus
401 3286 515 3353 similes
527 3302 558 3353 et
565 3289 812 3373 proportionales
823 3289 994 3375 figurarum
1002 3288 1149 3354 similium
1158 3302 1262 3374 partes
1272 3289 1463 3377 sparticulis

176 3398 491 3483 correspondentibus
506 3398 733 3461 describuntur.
779 3398 880 3484 Igitur
902 3399 928 3462 si
950 3398 1013 3461 duo
1035 3399 1097 3462 sint
1119 3399 1273 3482 ejusmodi
1288 3409 1462 3484 systemata,

174 3505 336 3590 particulae
350 3504 637 3589 correspondentes,
653 3504 694 3566 ob
703 3504 936 3567 similitudinem
947 3504 1153 3587 inooeptorum
1165 3516 1315 3582 motuum,
1331 3516 1466 3591 pergent

178 3612 319 3677 similiter
340 3612 467 3688 moveri,
494 3633 592 3696 usque
614 3610 714 3673 donec
736 3610 795 3674 sibi
808 3622 919 3673 mutuo
933 3623 1107 3675 occurrant.
1152 3611 1237 3674 Nam
1251 3611 1277 3673 si
1291 3610 1385 3673 nullis
1399 3610 1465 3697 agi·

177 3734 283 3787 tantur
305 3721 432 3799 viribus,
459 3720 699 3807 progredientur
724 3719 920 3782 uniformiter
947 3721 981 3803 (¹)
997 3720 1030 3781 in
1053 3719 1142 3783 lineis
1167 3719 1259 3781 rectis
1280 3740 1337 3802 per
1362 3718 1465 3783 motirs

176 3830 236 3917 leg.
255 3840 283 3895 1.
329 3832 364 3895 Si
378 3830 494 3894 viribus
509 3830 665 3913 aliquibus
680 3852 713 3893 se
726 3840 837 3893 mutuo
852 3828 981 3915 agitant,
996 3839 1028 3891 et
1041 3828 1122 3891 vires
1136 3826 1199 3889 illae
1214 3827 1276 3890 sint
1286 3837 1320 3889 ut
1330 3828 1466 3909 particu-

177 3936 277 4000 larum
290 3935 601 4019 correspondentiam
614 3934 758 3999 diametri
771 3935 894 4001 inversis
914 3946 946 3999 et
959 3934 1109 4020 quadrata
1123 3934 1321 3999 velocitatem
1334 3935 1451 4007 directi
1455 3961 1465 4012 ;

212 4130 246 4195 (')
259 4132 395 4179 'Similiter
406 4132 497 4179 mermi.
534 4130 609 4177 Suato
622 4129 644 4175 A
656 4137 680 4176 et
690 4144 711 4185 a,
725 4128 808 4188 Petp,
840 4138 910 4190 atque
922 4128 974 4176 SA
989 4128 1010 4173 Β
1022 4120 1116 4189 aeqsialis
1126 4143 1138 4173 s
1148 4143 1162 4173 n
1172 4128 1195 4174 b.
1223 4126 1257 4174 Et
1267 4126 1319 4174 alise
1329 4128 1372 4174 sini
1382 4124 1466 4174 mutui>

183 4193 234 4242 Set
244 4209 263 4250 s,
273 4194 316 4240 &a
331 4192 449 4241 uaricula
462 4193 486 4239 in
496 4192 588 4240 duobus
598 4192 758 4254 systematibus
766 4192 809 4239 sibi
841 4190 1043 4252 conspondentes
1060 4191 1180 4251 partiwlae
1200 4190 1319 4252 quiescant
1339 4191 1376 4237 vel
1396 4188 1466 4235 simili
1532 4224 1541 4231 ,

181 4256 266 4305 mutuo
287 4256 497 4317 correspondentes.
535 4256 654 4304 Particula
676 4256 699 4301 A
721 4256 746 4301 iu
767 4269 811 4301 suo
843 4254 915 4301 modo
925 4262 1069 4301 moveantur.
1105 4254 1153 4300 His
1163 4253 1250 4313 positis,
1262 4252 1467 4301 demonstrandum

182 4328 307 4381 systemate
323 4329 427 4379 tempore
444 4320 474 4376 Τ,
494 4319 607 4367 describat
625 4319 724 4379 spatium
740 4332 811 4380 quam
842 4327 884 4375 est,
895 4317 957 4379 quod
968 4318 987 4363 si
997 4326 1119 4363 sumantur
1129 4326 1233 4378 tempora
1242 4318 1289 4364 alia
1296 4322 1348 4378 quai
1356 4316 1402 4362 sint
1409 4325 1436 4362 ut
1443 4316 1467 4364 T

182 4384 308 4431 minimum
322 4384 345 4429 A
359 4384 389 4440 Β,
402 4391 426 4429 et
436 4382 548 4442 particula
556 4381 737 4443 correspondens
747 4397 769 4437 a,
785 4380 811 4426 in
842 4389 866 4427 et
881 4390 899 4436 t,
917 4380 1036 4441 particulae
1050 4380 1254 4442 correspondentes
1271 4388 1339 4428 eruut
1355 4380 1467 4442 utrinque

183 4448 256 4501 altero
275 4500 276 4504 Ἰ
294 4455 391 4494 stamme
398 4454 527 4505 temperet,
540 4445 653 4493 describat
660 4445 812 4504 spatiumub,
843 4443 1045 4504 'similiterpositse
1095 4457 1101 4471 ⁸
1120 4444 1129 4471 ‘

185 4511 256 4571 priori
306 4511 338 4567 B,
358 4509 434 4557 manile
444 4508 593 4571 similitenpre
608 4508 686 4564 situm,
703 4506 737 4555 ita
748 4517 774 4554 ut
784 4508 814 4553 sit
877 4506 909 4571 (⁸)
923 4512 935 4538 ⁸
949 4510 980 4555 ln
990 4510 1056 4555 limma
1063 4511 1130 4569 metis
1135 4526 1178 4570 per
1185 4505 1260 4556 motds
1267 4508 1309 4567 leg.
1321 4511 1342 4552 i.
1363 4504 1467 4567 Ideoque

187 4573 211 4620 A
224 4574 255 4630 Β,
272 4574 302 4621 ad
313 4590 328 4621 a
338 4575 362 4631 b,
379 4581 407 4619 ut
417 4572 528 4619 diameter
537 4570 657 4632 particulae
670 4572 701 4627 A,
723 4570 752 4617 ad
763 4570 812 4617 dia-
844 4572 875 4617 ob
891 4570 1021 4617 velocitates
1036 4572 1163 4619 uniformes
1178 4580 1202 4618 et
1216 4568 1301 4616 similes
1311 4577 1420 4617 motuum
1430 4568 1467 4616 di-

185 4648 286 4685 metrum
297 4636 418 4698 particulae
429 4652 451 4693 a,
464 4633 510 4683 sive
520 4645 548 4683 ut
560 4636 611 4685 As
621 4633 651 4681 ad
662 4650 676 4680 a
686 4650 702 4689 s,
715 4635 751 4681 vel
764 4634 812 4681 Ps
843 4634 955 4681 rectiones
960 4645 1057 4697 pergent
1063 4636 1167 4682 similiter
1173 4633 1260 4681 moveri
1267 4632 1407 4692 temporibus
1413 4646 1466 4693 pro·

184 4700 271 4761 adps,
288 4710 312 4749 et
328 4699 431 4763 angulus
444 4697 811 4763 ususquutssngulossb,
843 4696 1430 4762 portioaabbususbuesdoccursussuosprimoa.
