3434 5500
266 427 309 487 tt
587 423 929 492 PHILOSOPHIAE
952 425 1226 529 NATuRntls
1281 423 1555 508 [Meacouon

473 678 795 752 oPROPOSITIO
824 681 889 747 IX.
934 680 1208 748 THEOREMA
1236 679 1314 744 VII.

261 857 379 940 Positis
380 875 452 958 jam
466 879 685 958 demonstratis,
701 880 769 944 dico
783 876 872 964 qudd,
893 882 922 944 si
934 889 1091 966 tangentes
1103 880 1279 964 anbvnlontm
1293 876 1415 942 sectoris
1427 879 1555 942 cimda·

303 985 350 1048 ris
364 994 393 1048 et
407 988 529 1050 sectoris
542 987 726 1070 Imperbolici
740 997 895 1052 sumantur
915 987 1119 1052 uelocitatilnts
1134 987 1388 1068 proportionales,
1411 983 1556 1049 existente

274 1077 277 1085 ⁸
303 1092 394 1155 radio
397 1090 493 1175 jnntae
506 1095 745 1177 magnitudinis.-
761 1096 821 1158 erit
835 1104 948 1177 ternpus
961 1116 1046 1157 omne
1059 1094 1245 1157 ascendendi
1253 1093 1300 1152 ad
1309 1092 1401 1152 ltcnm
1414 1112 1555 1154 namnum

304 1208 339 1260 nt
352 1207 448 1261 sector
468 1198 583 1276 arent,
607 1209 638 1264 et
656 1210 770 1284 tempus
790 1221 875 1264 omne
896 1200 1091 1266 descendendi
1103 1221 1125 1264 a
1139 1201 1203 1263 loco
1217 1219 1325 1263 nennio
1337 1205 1371 1259 nt
1385 1207 1479 1261 sector
1498 1198 1554 1282 ty·

298 1303 442 1388 perdulce.

306 1499 416 1565 Rectae
436 1501 468 1566 A
484 1501 522 1578 C,
545 1500 607 1588 qui
629 1502 675 1567 vis
697 1503 857 1591 gravitatis
877 1503 1054 1588 exponitur,
1078 1500 1346 1587 perpendicularis
1370 1511 1402 1564 et
1423 1500 1552 1586 aequelis

187 1659 190 1664 .
260 1608 393 1673 ducatur
408 1607 439 1672 A
454 1609 498 1676 D.
544 1610 665 1689 centro
679 1612 713 1676 D
729 1612 959 1676 semidiametro
975 1613 1049 1677 AD
1064 1611 1258 1677 describatur
1271 1623 1339 1675 tum
1353 1611 1461 1674 circuli
1474 1633 1552 1696 qua-

261 1719 355 1784 drans
371 1719 402 1783 A
416 1729 430 1783 t
446 1717 493 1798 E3
518 1729 586 1784 tum
605 1719 779 1807 hyperboln
793 1721 974 1810 rectangult
989 1721 1020 1785 A
1038 1721 1070 1785 V
1085 1722 1112 1786 Z
1125 1743 1219 1787 axem
1231 1720 1350 1786 habens
1366 1719 1398 1786 A
1413 1717 1458 1798 Χ,
1480 1741 1550 1786 ver-

257 3774 351 3838 ticem
364 3768 567 3857 principalem
582 3766 623 3845 A,
640 3778 672 3832 et
686 3777 884 3853 asymptoton
906 3767 995 3834 DC.
1041 3770 1207 3837 Ducantur
1228 3776 1262 3840 D
1276 3799 1308 3861 p,
1324 3778 1359 3844 D
1375 3780 1412 3858 Ρ,
1431 3793 1471 3870 et
1484 3784 1544 3847 erit

258 3890 360 3943 sector
374 3875 532 3941 circularis
544 3873 575 3937 A
590 3883 604 3937 t
617 3872 652 3938 D
667 3884 702 3936 ut
717 3885 840 3956 tempus
855 3895 949 3937 omne
969 3876 1159 3941 ascendendi
1180 3880 1220 3944 ad
1242 3882 1346 3948 locum
1370 3874 1525 3953 summum
1533 3913 1544 3967 ς

256 3996 289 4051 et
303 3995 403 4048 sector
417 3977 636 4067 hyperbolicus
652 3978 685 4041 A
700 3976 731 4042 T
745 3978 780 4045 D
794 3988 831 4041 ut
851 3988 976 4063 tempus
996 4001 1088 4047 omne
1111 3984 1320 4052 descendendi
1333 4013 1353 4053 a
1366 3990 1437 4062 loeo
1458 4015 1544 4059 sum.

257 4116 327 4159 mo:
352 4092 386 4156 si
400 4090 496 4155 modo
510 4100 665 4153 sectorum
678 4097 841 4174 tangentes
859 4088 890 4151 A
904 4109 937 4172 p,
955 4088 986 4152 A
1002 4089 1040 4165 P,
1056 4092 1118 4155 sint
1132 4104 1168 4157 ut
1180 4094 1367 4163 velocitates.

301 4204 370 4265 Cas.
396 4208 424 4263 1.
457 4199 580 4285 Agatur
604 4196 688 4261 enim
711 4196 746 4259 D
764 4218 785 4260 v
802 4218 823 4282 q
847 4195 1032 4261 abscindens
1055 4204 1184 4266 sectoris
1207 4205 1240 4267 A
1255 4205 1289 4272 D
1304 4219 1317 4271 t
1340 4221 1372 4276 ct
1395 4212 1544 4301 trianguli

258 4311 289 4374 A
304 4309 338 4372 D
352 4328 375 4393 p
389 4316 556 4381 momenta,
581 4326 636 4368 seu
648 4303 816 4388 particulas
832 4326 928 4390 quam
943 4302 1088 4372 minimas
1103 4310 1194 4374 simul
1209 4313 1378 4401 descriptas
1392 4332 1408 4384 t
1421 4321 1455 4385 D
1469 4344 1489 4386 v
1511 4335 1544 4391 et
1596 4303 1604 4316 ’

257 4438 282 4500 q·
295 4416 328 4479 D
342 4436 374 4499 p.
408 4411 490 4475 Cum
504 4409 665 4494 particulae
678 4409 751 4487 illae,
767 4410 808 4473 ob
824 4411 975 4498 angulum
989 4435 1185 4481 communem
1195 4419 1239 4498 D,
1256 4435 1329 4487 sunt
1344 4424 1382 4509 (ἃ)
1393 4427 1425 4490 in
1439 4428 1551 4513 dupli·-

291 4584 324 4648 (t)
337 4589 351 4616 e
364 4589 396 4635 1„
411 4581 528 4646 duplicati
544 4584 632 4631 ratione
647 4584 752 4657 luterum.
788 4583 852 4631 Nam
867 4583 889 4630 si
918 4584 989 4661 llll
997 4594 1015 4645 t,
1026 4586 1075 4635 duo
1085 4588 1202 4653 triangula
1211 4596 1368 4645 evanescentia
1380 4598 1405 4647 D
1415 4616 1456 4663 qr,
1470 4602 1495 4651 D
1506 4609 1544 4649 rt

256 4664 287 4697 ex
299 4659 388 4710 puncto
399 4666 414 4712 q
425 4648 523 4697 ducatur
533 4646 564 4695 ad
577 4647 601 4694 D
613 4662 629 4707 p
640 4645 725 4695 lineola
735 4662 770 4709 qr
780 4647 889 4708 paralleln
920 4650 1004 4697 sundra
1013 4662 1070 4701 sunt
1079 4662 1103 4702 et
1112 4653 1138 4701 in
1147 4655 1237 4705 ratione
1247 4658 1364 4720 duplicati
1374 4663 1473 4713 laterum
1490 4667 1542 4733 Dq
