3434 5500
164 411 278 476 aaa
296 411 460 490 staura]
494 410 743 480 neruoram
759 387 1133 486 Marflnmarrca
1231 372 1246 393 ”
1393 433 1457 490 aa

166 583 214 646 nis
240 581 334 666 hujus
363 579 522 650 'circularis
551 580 590 643 ad
617 581 805 672 diametrum
826 604 916 654 venae
941 595 978 647 ut
1005 593 1046 649 25
1073 585 1176 648 adal
1209 585 1457 673 quimproximd.

167 690 260 774 Aqua
289 688 385 774 igitur
415 687 604 750 transeundo
626 709 684 770 per
707 687 858 764 foramen,
886 691 1216 777 convergit-,undiqua
1243 708 1275 758 et
1295 710 1458 782 postquam

167 794 288 858 effluxit
302 815 343 856 ex
358 815 441 868 vase,
457 791 580 856 tenuior
594 792 979 880 redditurconvergendo,
997 809 1029 859 et
1038 819 1100 880 per
1114 801 1358 864 attenuationem
1372 827 1458 868 acoe-

167 908 285 970 leratur
310 905 410 968 donec
432 904 473 967 ad
495 904 673 968 distantiam
695 904 829 968 semissis
852 905 942 990 digiti
956 929 975 968 a
989 906 1458 990 foramine,pervenerit'‚etfatl

166 1012 343 1076 distantiam
370 1009 454 1072 illam
477 1011 601 1074 tenuior
623 1011 660 1093 (⁰)
677 1022 709 1072 et
730 1009 861 1074 celerior
882 1011 919 1073 fit
940 1010 1032 1097 quim
1047 1013 1081 1075 in
1095 1014 1166 1098 ipso
1178 1015 1331 1083 foramine
1352 1020 1385 1082 in
1406 1044 1456 1084 ra·

165 1123 249 1188 tione
274 1107 315 1186 2'5
341 1134 366 1184 Χ
390 1128 430 1184 25
446 1119 487 1182 ad
502 1127 540 1184 21
568 1133 594 1184 Χ
617 1127 655 1182 21
674 1141 730 1182 seu
747 1118 842 1186 17ad
867 1126 906 1180 12
929 1123 1177 1204 quamproxime,
1199 1125 1234 1187 -id
1256 1128 1358 1188 estin
1380 1129 1455 1192 sub.

165 1228 322 1314 duplicati
337 1227 459 1291 ratione
473 1226 585 1292 binarii
600 1226 640 1291 ad
655 1228 806 1293 unitatem
828 1227 959 1294 circiter.
1006 1230 1044 1313 (Ρ)
1062 1231 1124 1297 Per
1138 1234 1353 1315 experimenta
1373 1237 1451 1304 vero.

165 1423 244 1471 iverim
252 1425 401 1486 perexiguam
410 1424 511 1486 aliquam
520 1423 674 1472 differentiam
681 1425 791 1472 interesse
823 1425 886 1472 niam
898 1425 953 1474 data
963 1441 1029 1490 aluta
1044 1428 1161 1493 quantitas
1175 1439 1281 1490 equatur
1291 1429 1397 1490 cylindro
1415 1428 1453 1495 rei

164 1487 224 1534 inter
235 1489 401 1534 contractiones
411 1503 478 1550 aquae
488 1487 603 1536 effluentis
619 1505 647 1535 er
663 1491 790 1536 minoribus
822 1490 926 1550 prismati
937 1491 1005 1552 cujus
1015 1493 1076 1537 basis
1086 1503 1121 1539 est
1130 1492 1236 1539 foramen
1242 1493 1324 1539 datum
1335 1504 1376 1540 aut
1387 1509 1452 1540 venae

164 1551 324 1610 foraminibus,
337 1561 360 1598 ct
369 1567 435 1613 aquae
446 1553 613 1599 contractiones
623 1568 651 1600 ex
663 1553 790 1616 majoribus
821 1563 946 1600 conuactae
961 1555 1039 1608 sectio,
1056 1565 1080 1602 et
1089 1555 1189 1603 altitudo
1205 1559 1305 1615 spatium
1316 1557 1379 1619 quod
1390 1573 1450 1619 aqua

164 1613 287 1679 ellluentis.
295 1615 304 1620 “’
325 1615 403 1662 Antei
419 1615 524 1676 destmpd
536 1616 655 1664 foraminis
667 1618 691 1662 in
702 1617 790 1664 laminir
821 1624 926 1676 ternpore
945 1617 1000 1664 dato
1010 1633 1065 1665 cum
1076 1617 1117 1664 illia
1133 1620 1254 1666 velocitate
1272 1636 1342 1682 quam
1355 1622 1379 1666 in
1390 1621 1451 1667 fora·

111 1697 114 1706 ¹
164 1679 238 1726 ferrei
255 1679 368 1728 diameter
384 1679 413 1726 ad
430 1680 568 1726 diametrum
584 1695 651 1742 aqua
666 1691 789 1728 conuecta
822 1680 939 1727 mineaut
949 1696 1013 1728 rena
1029 1683 1130 1730 secfione
1144 1685 1221 1740 habet,
1239 1685 1387 1732 uniformiter
1397 1700 1450 1744 pro·

165 1743 210 1789 fuit
225 1743 250 1787 in
265 1741 293 1789 ei
308 1745 396 1790 ratione
410 1758 481 1805 quam
500 1744 569 1790 babet
586 1757 696 1790 numerus
712 1751 743 1792 52
759 1745 789 1790 ad
822 1743 952 1806 gredieudo
963 1744 1106 1799 describeret,
1125 1746 1236 1792 dividitur
1251 1751 1368 1809 quantitas
1383 1764 1450 1809 aque
1511 1801 1514 1809 ι

165 1812 193 1852 41
203 1824 211 1864 ;
223 1805 277 1852 edm
294 1807 445 1853 Nerrtoniana
456 1807 485 1853 sit
495 1809 554 1854 ratio
564 1810 656 1854 numeri
667 1813 699 1856 50
709 1808 739 1854 ad
748 1815 786 1855 42.
821 1807 876 1854 data
892 1822 933 1867 per
949 1806 1069 1855 foraminis
1090 1819 1131 1856 aut
1149 1810 1257 1856 sectionis
1277 1827 1342 1856 vanae
1363 1827 1449 1868 aream,

165 1871 197 1917 sic
215 1869 313 1917 omnind
332 1871 413 1917 eidem
431 1871 490 1932 lege,
510 1886 559 1918 non
577 1887 667 1932 semper
684 1874 789 1920 contrahi
821 1880 845 1917 et
855 1872 962 1932 quotiens
972 1874 1016 1918 erit
1025 1873 1125 1932 spatium
1137 1873 1199 1935 quod
1211 1874 1451 1934 aquadatotempore

164 1950 230 1996 aqua
252 1949 322 1980 renas
343 1934 470 1982 ostendunt
492 1935 561 1980 variae
582 1935 748 1984 contractiones
763 1938 789 1982 in
822 1934 969 1982 uniformiter
983 1937 1151 1998 progrediendo
1167 1937 1312 1993 describeret,
1330 1937 1399 2000 atque
1415 1937 1450 1984 itti

165 2013 230 2058 aquae
246 2013 260 2044 a
277 1998 343 2044 variis
359 1998 437 2044 frustis
452 1999 537 2044 conicis
551 1997 639 2046 effluxu
655 2002 788 2058 obscmataa
823 2010 879 2045 uota
890 2000 993 2060 {itaquae
1009 2002 1117 2048 velocitas
1132 2001 1201 2063 cujus
1216 2001 1340 2048 dimidium
1351 2011 1386 2048 est
1395 2002 1449 2049 alti·

164 2061 221 2124 quin
238 2062 308 2108 etiam
324 2063 371 2108 huc
387 2065 505 2108 debebunt
521 2063 601 2109 referri
615 2063 661 2110 illa
671 2079 728 2126 quas
738 2065 789 2110 ani·
822 2062 880 2108 tudo
895 2078 923 2108 er
935 2063 981 2125 qui
997 2064 1080 2110 cadere
1095 2065 1177 2113 debuit
1193 2073 1221 2110 ut
1237 2080 1288 2110 eam
1304 2066 1450 2112 velocitatem

166 2125 276 2172 madverti
288 2125 423 2172 differentia
440 2127 501 2172 inter
517 2127 640 2173 diametros
650 2127 681 2173 ad
690 2143 789 2187 perpen-
823 2126 956 2188 acquireret.
964 2134 967 2140 '
974 2128 1009 2174 Sit
1016 2129 1069 2190 jam
1077 2144 1094 2175 a
1101 2128 1201 2174 altitudo
1211 2144 1282 2189 quarn
1290 2144 1374 2189 corpus
1380 2131 1450 2191 grave

164 2189 270 2236 diculum
281 2199 391 2249 sumptas,
404 2199 427 2236 ct
437 2190 560 2237 diametros
570 2190 698 2237 secundum
705 2191 790 2238 lineam
823 2199 927 2250 tempore
943 2190 1029 2238 minuti
1048 2192 1119 2240 unius
1137 2192 1234 2240 secundi
1244 2192 1302 2239 *sine
1321 2194 1451 2242 resistentiis

164 2253 277 2300 horizonti
289 2253 421 2313 parallelum
430 2269 527 2300 mensas.
565 2257 598 2301 ‘rit
608 2265 695 2316 quanta
706 2257 735 2301 sit
745 2256 792 2302 dif.
823 2253 1051 2312 cadeudodescribit,
1063 2271 1078 2300 v
1088 2256 1197 2302 velocitas
1207 2257 1252 2302 hoc
1263 2258 1449 2318 casu'acquisita,

165 2317 264 2368 ferentia
274 2317 334 2362 inter
345 2333 411 2380 aqua
422 2317 588 2364 rottractiones
605 2334 652 2364 non
663 2319 738 2365 ausim
748 2319 793 2366 de-
823 2327 848 2364 et
861 2315 915 2364 ideo
931 2324 946 2364 2
962 2335 977 2364 a
992 2320 1092 2378 spatium
1103 2319 1170 2381 quod-
1177 2319 1298 2367 velocitate
1308 2323 1419 2378 uniformi
1436 2338 1451 2366 v

164 2381 245 2437 finire3
266 2395 342 2442 neque
360 2381 414 2428 vero
430 2381 471 2427 illa
489 2382 643 2428 Nerrtoniana
658 2384 717 2429 ratio
731 2383 793 2430 inter
824 2391 930 2441 tempore
948 2382 1033 2428 minuti
1052 2383 1122 2428 unius
1140 2383 1236 2428 secundi
1256 2383 1354 2430 describi
1376 2395 1452 2444 potest

164 2445 305 2491 diametrum
321 2444 440 2491 foraminis
451 2455 475 2491 et
485 2445 607 2492 contracta
622 2461 688 2508 aquae
703 2446 792 2493 diame-
825 2447 877 2509 (50.
891 2445 944 2492 Lib.
960 2444 991 2505 1.)
1009 2445 1178 2492 sitbaltitudo·
1191 2461 1259 2506 aqua
1278 2448 1303 2492 in
1317 2463 1370 2494 vase
1388 2453 1451 2510 stagss

164 2518 228 2556 trum
239 2509 300 2554 sumi
312 2507 379 2554 debet
389 2524 433 2556 ceu
444 2511 546 2568 praecisa,
558 2507 613 2556 crim
624 2510 672 2570 ipse
683 2511 717 2556 vir
727 2526 790 2556 sum.
825 2509 906 2561 nantis.
924 2523 938 2554 c
948 2509 1053 2555 celeritas
1063 2525 1134 2571 quam
1145 2524 1215 2571 grave
1225 2524 1266 2568 per
1277 2511 1423 2557 altitudinem
1435 2516 1451 2560 b
1511 2554 1519 2561 ,

165 2587 218 2620 mus
234 2571 259 2616 in
276 2575 347 2618 citato
357 2587 425 2631 opere
435 2573 485 2620 haec
500 2575 597 2631 habeat;¹
615 2575 726 2621 existente
742 2575 792 2636 ejus
825 2574 875 2619 sine
893 2571 1021 2619 resistendis
1039 2573 1143 2620 cadendo
1159 2573 1263 2634 acquirit,
1284 2584 1307 2621 et
1322 2576 1451 2634 s'spatiuui

164 2635 262 2745 pnempe
273 2651 340 2696 aqua
351 2637 484 2698 contractae)
494 2638 606 2684 diametro
615 2637 644 2684 ad
652 2639 791 2691 diametrum
825 2636 889 2700 quod
899 2647 961 2684 cum·
970 2637 1087 2691 celeritate
1097 2652 1111 2684 c
1121 2637 1267 2684 uniformiter
1281 2639 1452 2700 progrediendo

175 2700 287 2747 oraminis
298 2708 324 2746 ut
335 2704 350 2747 5
361 2699 391 2746 ad
403 2707 425 2757 6,
438 2702 473 2747 vel
485 2707 499 2751 5
511 2711 535 2747 at
545 2701 562 2765 ᾗ
572 2701 603 2749 sd
614 2707 628 2749 6
640 2710 663 2749 et
674 2702 699 2765 ᾖ,
710 2717 792 2765 quam-
826 2711 930 2761 tempore
944 2691 1028 2747 mitiuti
1050 2703 1119 2747 unius
1133 2701 1228 2749 secundi
1248 2701 1391 2760 describeret,
1408 2704 1452 2751 erit

166 2763 278 2825 proxime,
306 2765 325 2811 si
347 2764 417 2818 modd
439 2765 562 2813 diametros
586 2764 647 2813 recte
674 2766 793 2813 dimensus
826 2781 857 2811 a:
872 2769 932 2812 b=
944 2780 1000 2825 vr:
1015 2781 1051 2813 ec
1063 2769 1113 2830 (28.
1128 2766 1185 2813 Lib.
1193 2766 1228 2827 1.)
1240 2774 1324 2815 etus:
1336 2784 1452 2817 s=vzc

166 2828 246 2875 aum'.”
283 2828 432 2874 Bernoullius
450 2828 503 2877 vert
525 2832 583 2877 Sect.
604 2829 650 2875 IV.
670 2846 746 2891 parag.
767 2836 789 2878 7.
826 2833 861 2891 (5.
876 2829 929 2875 Lib.
944 2830 979 2891 Ι.)
997 2828 1096 2892 idedque
1110 2846 1142 2878 a:
1155 2833 1216 2877 b=
1228 2836 1243 2875 4
1254 2847 1268 2877 a
1279 2847 1309 2877 a:
1324 2848 1371 2889 ss;
1388 2830 1452 2879 unde

166 2893 216 2938 haec
235 2893 319 2951 habet;
340 2899 355 2922 ‘⁴
366 2892 459 2938 interim
476 2896 599 2953 assumptis
614 2892 700 2939 lamini
718 2895 790 2951 tenni,
826 2892 925 2939 habetur
934 2909 946 2937 a
956 2909 1010 2939 s=
1021 2900 1088 2947 sab,
1100 2903 1124 2940 et
1133 2910 1186 2939 s=
1198 2900 1231 2955 ql
1240 2886 1312 2945 ffb*-
1335 2896 1369 2941 ‘Si
1380 2895 1453 2955 igitur

166 2966 218 3001 vase
235 2955 385 3015 amplissimo,
406 2956 518 3003 foramine
535 2958 564 3004 ad
575 2963 591 3002 4
602 2956 638 3001 vel
649 2956 750 3004 6'lineas
766 2958 791 3003 in
827 2971 912 3018 aquae
923 2969 1227 3015 rasepcrvenaecontractae
1237 2961 1362 3005 sectionem
1373 2959 1453 3007 effluat

167 3018 279 3065 diametro
290 3029 431 3081 assurgente,
445 3019 504 3066 solet
514 3022 572 3067 ratio
583 3020 642 3065 inter
653 3018 757 3066 foramen
768 3030 792 3067 et
825 3034 881 3065 cum
897 3019 1016 3066 velocitate
1031 3036 1045 3067 c
1061 3036 1131 3082 quam
1150 3037 1219 3081 grave
1238 3022 1342 3069 cadendo
1357 3034 1382 3069 et
1397 3039 1453 3070 casu

167 3080 293 3131 sectionem
305 3098 369 3129 venae
380 3077 562 3130 contractae'non
572 3084 676 3131 multum
686 3080 793 3131 recedere
824 3098 868 3130 suo
878 3082 1027 3129 describendo
1038 3084 1208 3131 altitudinemb
1218 3101 1284 3145 aquae
1295 3088 1320 3131 in
1328 3102 1381 3133 vase
1388 3099 1452 3150 stag·

166 3148 195 3193 ab
207 3144 328 3207 illaquam
342 3148 585 3193 Newtonusstatuit.”
607 3146 791 3193 Verdmuttius-
826 3145 1010 3207 nantisacquirit,
1018 3147 1241 3209 spatiumsquoder
1249 3151 1377 3209 quantitate
1385 3168 1453 3212 aquae

165 3226 212 3271 que
223 3210 325 3257 authoris
336 3210 492 3269 experimenta
502 3210 667 3267 demonstrant,
679 3212 792 3257 rationem
827 3218 932 3269 tempore
947 3210 1031 3256 minuti
1049 3212 1120 3256 unius
1135 3212 1230 3257 secundi
1242 3228 1255 3257 e
1266 3228 1318 3258 vase
1329 3213 1451 3269 effluentis,

166 3274 230 3319 illam
250 3274 355 3320 diametri
374 3288 438 3319 venae
460 3285 583 3321 contracta²
602 3276 631 3322 ad
653 3275 791 3321 diametrum
824 3282 852 3319 ut
863 3272 934 3329 supra
950 3272 1038 3320 dictum
1050 3285 1092 3330 cst,
1103 3276 1207 3328 habetur,
1226 3276 1453 3340 debetessetequale

166 3337 285 3383 foraminis
296 3336 397 3383 multum
409 3338 497 3393 variari,
509 3338 527 3383 si
540 3354 580 3397 per
591 3338 704 3400 oblongos
712 3340 791 3384 variae-
830 3331 950 3401 4!OE
987 3338 1053 3384 Hinc
1063 3339 1082 3382 si
1093 3337 1192 3384 altitudo
1203 3354 1224 3395 a,
1236 3340 1266 3385 sit
1276 3335 1362 3399 pedum
1376 3342 1449 3389 Paris.

167 3416 212 3461 que
225 3401 308 3463 figure
323 3400 422 3454 canales,
441 3416 489 3448 non
506 3400 560 3448 verd
576 3417 604 3447 cx
621 3402 719 3462 simplici
730 3402 790 3449 fora·
806 3442 808 3447 .
826 3404 865 3456 14,
883 3405 926 3447 erit
936 3416 1014 3447 ss=
1026 3407 1057 3452 56
1067 3404 1090 3458 b,
1110 3417 1163 3464 quae
1179 3412 1214 3450 est
1229 3402 1279 3462 ipsa
1289 3405 1453 3467 regulaquam

166 3464 229 3509 mine
251 3466 275 3509 in
299 3464 434 3510 tenuissimi
456 3464 544 3511 lamini
566 3464 681 3525 insculpto
703 3480 716 3511 e
738 3481 792 3513 vase
826 3464 859 3511 D.
876 3465 939 3511 Pitot
957 3464 982 3509 in
1002 3466 1112 3512 Manum.
1127 3465 1201 3512 Acad.
1225 3468 1299 3513 Paris.
1316 3483 1353 3513 an.
1379 3476 1448 3517 1730.

167 3526 245 3575 effluat
255 3544 322 3589 aqua.
824 3527 926 3575 tradidit.
964 3530 998 3575 At
1013 3528 1033 3576 si
1048 3529 1147 3575 altitudo
1161 3546 1176 3575 a
1185 3540 1286 3590 ponatur
1301 3546 1350 3580 esse
1365 3534 1453 3592 pedum

199 3609 234 3671 (⁰)
245 3614 258 3639 “
272 3613 306 3657 Et
317 3612 416 3683 'celerior
425 3616 460 3678 fit
476 3612 547 3687 qndm
563 3616 590 3693 iq
605 3617 651 3675 ipsso
660 3616 789 3689 [oramine.
828 3630 902 3680 1³31&
915 3636 924 3678 ι
929 3620 985 3697 ⁵1¹5
996 3646 1038 3679 ,eu
1056 3599 1100 3667 Q
1118 3632 1452 3694 (471,ij‚1,)eritss=

170 3672 233 3718 Nam
251 3674 382 3721 velocitates
401 3687 455 3723 sunt
473 3692 589 3736 reciproce
606 3688 633 3723 ut
649 3679 729 3725 circuli
751 3694 792 3739 per
1063 3676 1093 3719 ¹2
1458 3731 1460 3734 .

167 3738 224 3797 quos
235 3752 295 3799 equa
306 3737 388 3785 eodem
400 3748 503 3799 tempore
519 3741 600 3787 transit
617 3742 793 3803 (171),-eirculi
829 3740 872 3781 181

168 3798 221 3847 vero
232 3811 288 3846 sunt
299 3800 324 3845 in
336 3802 423 3848 ratione
439 3802 557 3864 duplicati
572 3804 753 3863 diametrorum
770 3818 794 3852 et
832 3802 874 3861 ἶ
885 3777 908 3821 b'
944 3774 1035 3822 verim
1046 3784 1074 3822 nt
1083 3791 1150 3838 ηυξ
1160 3792 1186 3821 ¹¹¹
1197 3792 1248 3823 Ν
1259 3780 1388 3840 sagum
1398 3780 1453 3827 ‘lli‘

168 3862 220 3910 idei
239 3864 348 3911 V⁸l⁰⁰l²⁸⁵
367 3880 433 3926 flquae
453 3882 493 3925 Ρθῐ
512 3869 637 3915 Wlfflem
658 3870 793 3915 cliculffiem
827 3878 885 3927 tudo
896 3888 919 3925 et
929 3878 1038 3925 velocitas
1048 3894 1089 3937 per
1099 3879 1204 3927 foramen
1216 3880 1332 3929 effluentis
1342 3892 1456 3945 quoteni.

168 3941 232 3995 venre
250 3937 373 3994 contractae
386 3931 530 3977 nauseantis
545 3942 579 3979 est
596 3932 626 3979 ad
648 3932 793 3979 velocitatem
827 3958 884 4002 pora
902 3944 1085 4002 experimentum
1104 3944 1201 4002 eapitur,
1220 3945 1301 3991 eadem
1313 3946 1344 3993 ad
1359 3963 1456 3995 sensum

168 4004 234 4053 aquae
249 4006 291 4050 per
307 3992 412 4054 foramen
428 3994 545 4041 effluentis
556 4005 583 4043 ut
594 4001 624 4043 25
639 4002 664 4053 Χ
679 4003 708 4043 25
720 3996 750 4043 ad
762 4002 789 4042 21
826 4016 947 4061 manem.
964 4014 991 4052 ιη
1009 4016 1108 4066 oportet,
1127 4010 1234 4067 usurpari
1252 4020 1328 4067 pmest
1343 4027 1384 4058 va,
1401 4012 1456 4059 κῆ,

171 4060 195 4129 ζ(
210 4060 237 4101 21
250 4056 347 4109 110οὕ1,
361 4058 522 4131 6252514413
542 4058 604 4121 quod
616 4069 741 4122 uirumque
757 4060 792 4106 dl·
826 4070 933 4128 amplum
950 4071 1037 4131 exiguo
1053 4080 1173 4129 pertusum
1190 4072 1311 4129 foramine,
1332 4075 1401 4121 velai
1416 4091 1456 4121 vas

168 4133 296 4193 msumtp'er
307 4123 337 4167 at
349 4119 389 4167 dat
399 4131 511 4167 rationem
525 4126 553 4197 11
564 4122 593 4168 ad
607 4128 642 4179 12,
655 4124 691 4169 vel
703 4134 792 4171 utrum-
828 4132 900 4193 paule)
910 4135 1184 4195 angustiundhibffltQ
1192 4146 1358 4199 tantumque
1365 4138 1457 4190 affimdi

169 4197 213 4245 que
224 4182 324 4228 divisum
336 4199 377 4241 per
388 4190 442 4241 441,
461 4185 501 4232 dat
512 4196 624 4233 rationem
638 4193 700 4245 bil,
712 4190 753 4234 &a
766 4186 795 4234 ad
829 4196 1123 4258 supemedebetquantum
1132 4200 1277 4258 perinferius
1285 4202 1365 4249 lumen
1374 4202 1455 4258 effluit,
1512 4197 1516 4205 ”

171 4251 191 4299 1,
211 4255 246 4293 est
261 4246 315 4293 vero
331 4247 399 4313 radin¹
413 4249 496 4296 binarii
512 4252 602 4297 numeri
620 4256 678 4307 1.41‚
694 4253 744 4315 dre,
762 4262 797 4299 est
829 4271 853 4307 et
863 4262 992 4308 cavendum
1003 4274 1038 4307 ast
1053 4277 1084 4307 ne
1094 4262 1170 4309 affusa
1182 4280 1243 4327 aqua
1253 4280 1309 4310 cum
1319 4267 1396 4326 aliquo
1412 4266 1456 4310 im.

170 4324 225 4371 ergo
241 4310 351 4357 velocitas
370 4328 436 4372 aquae
452 4328 493 4372 per
508 4324 591 4361 venam
609 4324 750 4362 contractam
766 4316 796 4362 ad
829 4334 885 4384 pem
904 4324 1001 4374 cadendi
1020 4326 1132 4372 extimam
1148 4344 1214 4389 aqum
1224 4328 1250 4374 in
1261 4344 1313 4374 me
1329 4328 1457 4389 stagnantis

170 4372 313 4447 velocitatem
325 4390 366 4434 per
377 4376 482 4423 foramen
494 4378 518 4423 in
526 4380 615 4425 ratione
623 4378 706 4425 radicis
714 4380 797 4427 binarii
831 4388 975 4448 superficiem
987 4391 1094 4449 attingat.
1132 4392 1225 4445 Quibus
1240 4403 1318 4438 autem
1330 4394 1416 4438 artibus
1431 4391 1457 4438 id

171 4450 260 4483 numen
271 4438 301 4503 ad
314 4440 433 4486 unitatem.
832 4453 905 4513 possit
916 4453 985 4499 effici
1002 4452 1056 4499 fuse
1074 4465 1195 4513 exponunt
1214 4456 1270 4503 locis
1291 4454 1361 4514 suprai
1382 4455 1457 4501 citatis

210 4510 243 4571 (Ρ)
268 4512 316 4557 Per
343 4515 496 4571 erperimertta
521 4514 573 4562 arrd
602 4525 696 4565 condat.
734 4514 799 4563 Datai
833 4514 941 4563 Marchio
962 4517 1065 4564 Polenus
1083 4528 1107 4565 et
1128 4520 1214 4567 Daniel
1235 4520 1384 4565 Bernoullins
1399 4534 1458 4580 quos

171 4574 297 4633 quantitate
314 4590 381 4633 aquae
393 4591 432 4633 per
444 4576 525 4623 datum
537 4579 642 4625 foramen
655 4596 695 4627 seu
707 4580 799 4639 perda-
833 4580 905 4627 lector
918 4582 1038 4628 consulere
1052 4592 1134 4641 potest.
1168 4585 1280 4630 Attamen
1299 4584 1335 4628 his
1350 4584 1458 4630 adhibitis

170 4644 217 4681 tam
238 4651 303 4682 venae
325 4646 448 4685 contracta
471 4642 596 4688 sectionem
620 4644 674 4690 dato
696 4653 800 4705 tempore
833 4644 935 4702 cautelis,
948 4645 1055 4693 velocitas
1065 4662 1259 4707 aquoeperrenae
1268 4656 1391 4693 contracta
1407 4662 1459 4693 sec-
1488 4686 1492 4691 .

171 4698 292 4755 effluentis,
312 4700 345 4747 sic
361 4702 424 4749 illius
439 4704 547 4751 velocitas
563 4708 694 4772 inquiritur.
713 4761 717 4773 1
733 4710 799 4763 Quo·
832 4709 921 4756 tionem
937 4708 1054 4757 effluentis
1069 4709 1140 4770 pauli
1155 4710 1232 4757 minor
1246 4724 1288 4773 per
1303 4711 1460 4771 experimenta

791 4792 841 4840 04
