3434 5500
155 467 162 478 ·
267 453 331 511 208
573 445 922 513 PHILOSOPHIAE'
937 445 1214 514 NATURALIS
1273 447 1388 528 [Mor.
1405 447 1563 514 Conrom

478 741 762 809 PROPOSITIO
785 741 936 806 XXXV.
981 739 1241 858 PROiiLEMA
1263 740 1349 808 VII„

263 915 299 981 Si
312 915 438 978 medinm
451 937 556 979 rarum
569 939 607 980 ec
614 916 780 997 partiendis
794 937 884 1000 quam
897 916 1030 978 minimis
1049 913 1262 998 quiescentibus
1281 915 1445 1007 equalibus
1465 925 1495 978 et
1515 919 1561 979 ad

304 1021 434 1103 aequales
448 1019 487 1082 ab
502 1022 627 1084 inuicem
643 1022 807 1086 distantias
820 1016 914 1084 liberi
928 1021 1084 1101 dispositis
1097 1027 1209 1082 constet
1221 1046 1232 1081 .-
1258 1019 1393 1083 inuenire
1413 1022 1558 1085 resistcre·

304 1131 379 1192 tr'om
390 1129 475 1214 globi
490 1132 523 1192 in
534 1131 588 1193 ltoc
597 1131 695 1194 medio
707 1131 901 1216 uniformiter
907 1129 1142 1214 progredientis.

306 1308 374 1372 Cos.
393 1315 421 1370 1.
466 1305 636 1391 Cylindrus
661 1303 771 1369 eidem
794 1301 948 1368 diametro
969 1310 1002 1364 et
1022 1299 1187 1364 altitudine
1208 1300 1382 1385 descriptus
1401 1299 1556 1388 progredi

260 1411 452 1499 intelligatur
466 1409 575 1476 eidem
596 1409 761 1475 velocitate
783 1407 956 1474 secundum
977 1406 1205 1495 longitudinem
1226 1407 1294 1470 axis
1315 1408 1364 1471 sui
1385 1407 1419 1470 in
1440 1408 1555 1473 eodem

258 1518 373 1581 medio.
418 1518 461 1582 Et
473 1539 627 1602 ponamus
643 1515 728 1604 qubd
738 1514 901 1602 particulae
914 1513 1021 1592 medii,
1042 1514 1168 1601 inques
1183 1513 1296 1601 globus
1317 1515 1364 1580 vel
1387 1515 1551 1602 cylindrus

258 1624 378 1702 incidit,
394 1626 425 1689 vi
439 1625 621 1689 reflexionis
635 1643 730 1710 quant
750 1620 888 1686 maximi
911 1620 1058 1686 resiliant.
1105 1621 1149 1685 Et
1171 1621 1244 1684 crim
1266 1622 1440 1688 resistentia
1460 1625 1549 1712 globi

258 1737 329 1819 (per
346 1733 596 1819 Propositionem
610 1732 823 1811 novissimam)
845 1731 885 1795 sit
900 1730 1003 1815 duplo
1024 1731 1128 1795 minor
1149 1753 1243 1816 quam
1258 1732 1433 1796 resistentia
1448 1734 1549 1820 cylin-

257 1839 317 1917 dri,
344 1851 376 1904 et
400 1840 513 1928 globus
535 1841 576 1904 sit
597 1839 638 1904 ad
659 1839 835 1926 cylindrum
855 1849 891 1903 ut
907 1837 972 1902 duo
986 1837 1028 1902 ad
1048 1837 1118 1914 tria,
1144 1848 1177 1902 et
1198 1838 1358 1924 cylindrus
1380 1840 1551 1908 incidendo

255 1946 554 2030 perpendiculariter
585 1947 619 2010 in
651 1947 828 2031 particulas,
866 1945 1013 2032 ipsasque
1049 1944 1143 2031 quim
1174 1947 1311 2012 maximi
1346 1939 1550 2028 reflectendo,

256 2053 298 2137 (²)
313 2051 442 2136 duplam
464 2053 512 2116 aui
533 2052 631 2136 ipsius
645 2053 840 2118 velocitatem
854 2051 931 2136 ipsis
948 2052 1173 2116 communicet:
1197 2054 1368 2139 cylindrus,
1392 2077 1457 2143 quo
1472 2072 1551 2123 tern-

254 2181 333 2244 pore
348 2159 510 2224 dimidiam
523 2160 754 2248 longitudinem
768 2162 835 2226 axis
851 2160 900 2224 sui
914 2159 1110 2226 uniformiter
1131 2164 1364 2249 progrediendo
1386 2163 1548 2244 describit,

256 2268 498 2334 communicabit
519 2280 641 2334 motum
661 2269 831 2354 particulis,
860 2274 899 2353 (5)
915 2269 970 2355 qui
984 2268 1025 2332 sit
1038 2268 1079 2332 ad
1093 2279 1195 2333 totum
1215 2269 1348 2355 cylindri
1371 2282 1494 2336 motum
1516 2288 1552 2340 ut

255 2376 391 2441 densitas
406 2376 500 2441 medii
515 2376 556 2440 ad
570 2376 756 2442 densitatem
770 2376 923 2462 cylindri;
946 2389 979 2442 et
991 2376 1115 2466 globus,
1132 2399 1195 2462 quo
1210 2389 1351 2462 tempore
1365 2391 1466 2444 totam
1479 2381 1550 2448 lon-

254 2483 429 2570 gitudinem
444 2484 588 2548 diametri
603 2505 668 2548 suae
683 2484 880 2550 uniformiter
894 2483 1128 2571 progrediendo
1142 2483 1300 2563 describit,
1317 2487 1356 2572 (¹)
1373 2490 1549 2553 communi-

254 2595 338 2658 cabit
363 2607 490 2660 motum·
506 2597 641 2660 eundem
662 2595 840 2680 particulis3
867 2597 905 2680 (⁸)
921 2607 953 2659 et
970 2617 1033 2681 quo
1055 2605 1195 2678 tempore
1218 2595 1296 2658 duas
1317 2597 1424 2660 tertias
1441 2607 1549 2682 partes

254 2701 398 2767 diametri
414 2723 479 2767 suae
493 2701 651 2779 describit,
675 2701 917 2766 communicabit
931 2714 1054 2765 motum
1068 2699 1240 2786 particulis,
1266 2702 1323 2789 qui,
1335 2701 1376 2768 sit
1389 2703 1431 2767 ad
1445 2715 1549 2769 totum

253 2807 341 2894 globi
368 2819 489 2871 motum
516 2820 552 2873 ut
580 2807 716 2872 densitas
745 2808 841 2871 medii
870 2808 911 2872 ad
940 2808 1126 2873 densitatem
1153 2808 1252 2897 globi.
1307 2810 1351 2874 Et
1379 2823 1549 2895 propterea

253 2912 365 3000 globus
391 2914 598 2979 resistentiam
622 2916 749 3001 patitur,
780 2937 851 3001 quae
874 2915 915 2979 sit
938 2915 979 2980 ad
1003 2915 1066 2978 vim
1092 2915 1154 3001 qui
1178 2929 1262 2980 totus
1276 2918 1342 3003 ejus
1366 2932 1471 2982 motus
1497 2920 1548 2984 vel

253 3022 367 3087 auferri
392 3026 491 3107 possit
514 3025 564 3089 vel
589 3026 731 3113 generari
756 3048 819 3110 qno
843 3036 986 3109 tempore
1014 3026 1093 3090 duas
1121 3026 1228 3089 tertias
1257 3037 1363 3111 partes
1396 3027 1544 3091 diametri

253 3154 317 3195 suoe
339 3134 533 3199 uniformiter
553 3134 784 3222 progrediendo
806 3134 964 3214 describit,
987 3148 1024 3200 ut
1042 3126 1178 3199 densitas
1192 3134 1288 3199 medii
1302 3135 1343 3199 ad
1357 3135 1546 3203 densitatem

252 3238 348 3325 globi.

287 3406 323 3473 (¹)
347 3412 361 3440 ⁴
384 3408 491 3471 Duplam
512 3412 549 3458 sai
569 3412 640 3473 ipsius
662 3412 807 3468 velociorem,
835 3412 878 3459 &a
913 3412 944 3457 ob
961 3409 1114 3457 resistentiam
1130 3409 1194 3473 globi
1209 3410 1339 3459 resistendi
1353 3412 1453 3473 cylindri
1469 3412 1545 3475 duplo

257 3471 321 3519 cum
347 3472 382 3519 ain
417 3472 447 3519 lu
474 3474 602 3533 particulae,
635 3474 734 3535 cylindri
765 3485 881 3535 respectu,
913 3476 1028 3522 minorem
1041 3474 1125 3539 (Prop.
1139 3474 1271 3523 XXXIV.
1285 3474 1339 3523 Lib
1353 3476 1406 3537 11.)

254 3537 358 3583 minimae
378 3545 432 3597 snt,
454 3537 474 3584 si
490 3536 556 3584 nulla
571 3548 630 3585 esset
648 3537 814 3598 particularum
831 3554 882 3585 me·
947 3536 1373 3600 (¹)1nqa0um1mranrerms
1387 3550 1476 3603 partes,
1494 3542 1539 3589 bc.

255 3599 288 3646 dii
309 3598 410 3655 reflexio,
438 3600 519 3649 eidem
546 3616 602 3647 cum
628 3602 734 3662 cylindro
759 3602 882 3650 velocitate
913 3605 927 3633 ⁴
941 3601 1069 3649 Hucrcdit
1079 3603 1214 3662 compositio
1224 3605 1341 3649 rationum
1352 3619 1366 3649 a
1376 3604 1492 3652 Newtono
1503 3605 1542 3651 irr-

254 3674 419 3723 moverentrrr3
440 3680 468 3712 ac
489 3665 612 3713 accedente
633 3667 655 3711 vi
677 3664 808 3713 reflexionia
828 3681 882 3726 per·
912 3665 1003 3713 dicam
1017 3675 1080 3713 totus
1089 3665 1153 3727 globi
1160 3675 1281 3713 motuseat
1290 3666 1321 3714 ad
1331 3666 1430 3729 cylindri
1440 3678 1542 3728 motum,

254 3725 324 3786 seut,
358 3727 468 3776 velocitas
499 3728 541 3776 illa
574 3726 707 3789 duplicatur
740 3731 791 3793 (53.
824 3730 879 3779 Lib.
912 3738 940 3777 ut
952 3735 966 3775 2
977 3727 1041 3785 ad3‚
1058 3730 1108 3777 buc
1118 3729 1181 3776 cuim
1192 3730 1451 3793 astuciusqnemassar
1466 3733 1541 3791 ratio;

256 3790 302 3852 t).
913 3800 978 3841 totus
995 3792 1094 3854 cylindri
1112 3803 1192 3840 motus
1208 3803 1244 3841 eat
1259 3793 1290 3842 ad
1308 3804 1399 3841 motum
1410 3812 1424 3842 a
1435 3796 1543 3857 cylindro

285 3850 322 3916 (l)
336 3858 349 3886 ¹
365 3859 411 3910 Qut
426 3858 455 3905 ait
473 3860 504 3905 ad
522 3866 596 3907 totum
612 3860 713 3920 cylindri
723 3866 819 3915 motum,
836 3858 880 3906 dcc.
913 3856 1111 3905 communicatum
1122 3872 1170 3917 quo
1180 3857 1543 3918 temporedimidiamsuamlon·

257 3918 405 3973 Quantitatea
415 3920 493 3968 motos
509 3930 564 3969 aunt
579 3930 607 3968 ut
623 3922 755 3969 velocitates
766 3930 883 3969 etmaaaae
913 3920 1045 3984 gitudinem
1067 3920 1175 3967 describit
1196 3930 1224 3967 ut
1244 3920 1346 3969 densitas
1365 3922 1464 3983 cylindri
1482 3924 1542 3986 (sive

254 3982 517 4109 illliiibici'ii
532 3982 882 4097 t‘tlttttttlttat
913 3983 1541 4098 titidttttttt‘dittil‘tdtt

253 4118 312 4157 tates
322 4118 345 4155 et
356 4082 505 4159 volumiuaet
512 4064 636 4160 dindmtes
646 4113 797 4160 eon'unctim.
817 4112 881 4161 Ciam
912 4112 1031 4159 munieato
1042 4111 1100 4159 dum
1110 4120 1183 4159 totum
1189 4126 1256 4157 arram
1263 4066 1540 4175 nmenunipereurriu

253 4172 326 4235 igitur
340 4172 460 4233 cylindrum
469 4191 517 4236 quo
526 4185 630 4237 tempore
640 4176 761 4224 dimdium
776 4176 880 4239 longitu-
912 4174 1013 4239 denique
1029 4185 1107 4223 motus
1125 4174 1165 4221 iiie
1175 4192 1190 4223 a
1200 4174 1271 4239 giobo
1285 4176 1471 4225 communicatus
1481 4178 1541 4225 dum

253 4238 332 4285 dinem
343 4237 393 4283 aris
403 4237 439 4283 sui
451 4240 597 4287 uniformiter
612 4240 781 4303 progrediendo
795 4240 881 4287 deseri·
911 4249 985 4287 totam
1001 4254 1067 4285 snam
1083 4240 1223 4286 diametrum
1239 4240 1352 4300 percurrit
1361 4249 1396 4287 est
1406 4241 1437 4288 ad
1446 4250 1540 4289 motum

253 4302 294 4357 bit,
316 4300 388 4347 medii
407 4300 515 4348 volumen
533 4304 631 4351 dimidio
649 4304 763 4351 volumini
781 4304 881 4365 cylindri
911 4306 942 4351 ab
952 4318 981 4350 eo
990 4304 1061 4367 globo
1076 4304 1274 4350 communicatum
1284 4304 1343 4351 dum
1354 4306 1466 4366 percurrit
1481 4306 1541 4352 duaa

253 4366 342 4427 aequale
364 4364 437 4425 dupli
459 4380 514 4412 cum
537 4368 657 4415 velocitate
679 4378 777 4425 moveat,
805 4369 881 4429 sitque
912 4367 1019 4415 diametri
1034 4382 1084 4413 sura
1099 4368 1178 4413 tertias
1193 4376 1269 4427 partas
1284 4377 1312 4414 ut
1326 4373 1343 4415 ὅ
1353 4368 1383 4414 ad
1399 4374 1421 4424 2,
1438 4367 1541 4431 idedque

252 4426 350 4491 proindi
367 4429 455 4477 factum
471 4444 502 4475 ex
518 4430 637 4478 volumine
651 4432 749 4493 cylindri
766 4433 791 4478 in
807 4432 881 4492 ipsius
912 4440 975 4479 totus
991 4431 1056 4494 globi
1070 4438 1150 4476 motus
1170 4440 1205 4478 est
1226 4431 1256 4477 ad
1277 4440 1369 4478 motum
1385 4434 1415 4479 ab
1430 4448 1459 4479 eo
1474 4448 1540 4479 cotn-

252 4493 397 4540 velocitatem
410 4492 499 4555 requale
507 4492 603 4541 factoex
611 4495 730 4543 volumine
738 4496 807 4543 medii
815 4504 881 4543 moto
911 4495 1058 4543 manicatum
1077 4494 1135 4541 dum
1152 4494 1266 4554 percurrit
1287 4494 1346 4541 duaa
1366 4494 1474 4543 diametri
1490 4512 1538 4543 suaa

252 4554 278 4601 in
289 4556 338 4617 ejus
349 4558 501 4613 velocitatem,
518 4570 597 4605 motus
607 4552 725 4618 particulis
735 4559 806 4607 medii
816 4574 880 4606 com·
912 4567 988 4619 perrea
1002 4559 1145 4621 conjtmctim
1161 4566 1189 4604 ut
1204 4564 1220 4605 2
1235 4556 1266 4605 ad
1275 4564 1300 4615 ὅ,
1316 4569 1344 4606 nt
1359 4558 1461 4607 densitas
1476 4559 1541 4623 globi

253 4621 392 4677 manicatus,
405 4622 448 4669 erit
458 4622 489 4671 ad
499 4631 576 4669 toturn
587 4622 686 4683 cylindri
693 4622 882 4671 motumutden·
912 4623 943 4669 ad
958 4622 1095 4670 densitatem
1111 4621 1189 4676 medii,
1209 4630 1234 4669 et
1249 4620 1342 4669 uttad
1358 4628 1380 4676 2,
1400 4623 1448 4669 sive
1464 4622 1538 4685 primi

254 4680 308 4729 sitas
319 4685 390 4731 medii
400 4686 430 4732 ad
441 4685 579 4733 densitatem
590 4685 699 4747 cylindri,
913 4685 1003 4733 ratione
1018 4694 1042 4733 et
1056 4685 1101 4732 bic
1116 4685 1200 4732 ultimi
1218 4700 1268 4732 sere
1288 4686 1491 4746 compensantibus
1511 4696 1540 4735 ut

287 4746 324 4802 (Ἴ
335 4752 348 4778 “
359 4753 541 4799 Comntunicubit
551 4760 638 4800 matum
647 4754 745 4800 maden
752 4750 881 4813 pecata,
914 4750 1016 4799 demin·
1023 4750 1087 4815 globi
1098 4749 1128 4798 ad
1138 4749 1275 4798 omanem
1284 4749 1364 4798 aem
1401 4751 1432 4807 Q.
1445 4766 1467 4799 e.
1479 4750 1502 4799 d

1701 996 1713 1103 l
