3434 5500
156 410 445 495 bimenstrem]
479 406 723 477 PRINCIPIA
745 411 1117 479 MATHEMATICA.
1384 424 1447 483 289

155 577 261 645 autern
275 579 468 665 temporibus
481 578 545 646 itirs
559 591 591 645 et
604 578 722 651 reditis
737 579 830 644 unius
842 580 949 645 eundo
969 580 1151 647 latitudines
1171 605 1243 661 suas
1265 584 1444 664 conficiunt,

154 691 215 755 hoc
228 703 286 768 est,
310 691 409 774 spatia
428 690 621 775 temporibus
635 690 881 776 proportionalis
900 702 1107 774 percanora
1134 701 1165 756 et
1185 704 1352 777 propterea
1373 708 1446 759 sunt
1470 684 1478 747 '-
1501 672 1503 677 Ι

155 798 368 886 aequiveloces.
804 861 807 866 .

198 910 268 971 Cas.
285 917 315 971 3.
340 906 379 971 In
394 906 505 971 mediis
519 906 616 995 igitur
636 906 790 972 densitate
804 919 838 973 et
850 908 883 972 vi
896 907 1022 975 elastica
1044 909 1181 993 paribus,
1204 912 1313 994 pulsus
1336 934 1443 977 ornnes

148 1011 227 1077 'sunt
247 1013 477 1098 acquireloces.·
507 1012 604 1088 Quod
618 1014 644 1076 si
657 1014 753 1078 medii
767 1014 820 1078 vel·
830 1013 968 1079 densitas
983 1015 1032 1079 vel
1047 1016 1093 1078 vis
1107 1016 1232 1089 elastica
1252 1018 1442 1096 intendatur,

155 1120 303 1209 quoniem
316 1119 362 1182 vis
376 1118 493 1183 matrix
507 1119 540 1181 in
555 1119 675 1184 ratione
689 1121 735 1183 vis
749 1120 895 1198 clasticae,
919 1133 951 1185 et
964 1122 1093 1185 matoria
1106 1123 1261 1187 movenda
1275 1124 1308 1201 in
1323 1125 1443 1201 ratione

98 1286 102 1291 .
154 1230 318 1294 densitatis
340 1241 491 1315 augetur3
518 1228 553 1313 (²)
576 1241 708 1313 tempus,
733 1251 797 1315 quo
821 1241 932 1295 motus¹
950 1229 1046 1321 iidem
1069 1242 1260 1317 peragantur
1284 1253 1321 1305 ac
1343 1234 1441 1317 prius,

154 1336 317 1422 augebitur
330 1335 363 1397 in
378 1333 594 1418 subduplicatir
609 1335 728 1399 ratione
743 1335 913 1415 densitatis,
932 1356 968 1398 ac
983 1336 1173 1401 diminuetur
1182 1337 1215 1399 in
1224 1337 1440 1429 subduplicapsi

153 1443 272 1509 ratione
285 1441 332 1505 vis
344 1440 488 1521 eleaticae.
518 1519 521 1525 Ι
534 1441 577 1504 Et
590 1455 759 1526 propterea
773 1442 920 1507 velocitas
935 1442 1083 1527 pulsuum
1098 1442 1158 1507 erit
1171 1444 1204 1506 in
1219 1444 1339 1508 ratione
1354 1467 1440 1511 com·

102 1630 106 1635 ¹
151 1547 252 1633 positi
267 1569 310 1611 ex
323 1548 443 1611 ratione
459 1546 676 1630 subduplicatai
699 1547 858 1611 densitatis
880 1550 975 1613 medii
996 1548 1118 1615 inverse
1132 1562 1164 1613 et
1185 1552 1305 1615 ratione
1320 1552 1440 1617 'subdu-

150 1655 264 1741 plicatai
277 1658 324 1721 vis
339 1655 472 1719 elasticae
486 1653 613 1720 directi.
658 1656 702 1731 Q.
718 1679 744 1720 e.
760 1655 792 1720 d.
1296 1656 1301 1663 ’

195 1762 279 1827 Haec
294 1762 615 1847 Propositiotulterius
629 1763 749 1847 patebit
763 1784 802 1827 ex
817 1764 1046 1828 constructione
1060 1766 1213 1850 sequenti.

375 2033 659 2101 PROPOSITIO
682 2034 813 2099 XLIX.
860 2034 1119 2100 PROBLEMA
1142 2034 1206 2100 XI.

178 2304 181 2309 ι
233 2233 330 2297 Datis
344 2233 597 2295 aestimante
611 2226 835 2307 etoielasticd,
859 2226 996 2293 invenire
1009 2232 1192 2293 velocitatem
1201 2237 1350 2313 pulsuum.

144 2480 147 2483 ,
192 2422 362 2511 Fingamus
376 2420 515 2485 medinm
529 2420 569 2484 ab
584 2419 784 2483 incumbente
796 2418 938 2502 pondere
952 2440 1011 2501 pro
1024 2439 1112 2481 more
1134 2418 1214 2483 a'e‘ris
1235 2418 1333 2482 nostri
1347 2440 1435 2485 cotn-

144 2529 242 2613 primi
246 2553 255 2605 3
271 2511 372 2614 sitque
387 2528 418 2591 A
433 2526 565 2591 altitudo
579 2525 675 2590 medii
688 2524 886 2610 homogenei,
910 2527 997 2611 cujus
1012 2524 1135 2608 pondus
1151 2524 1295 2613 adaequet
1308 2522 1434 2609 pondus

147 2634 340 2712 incumbens,
357 2646 388 2697 et
399 2636 489 2718 cujus
501 2623 640 2697 densitas
655 2632 765 2697 eadem
779 2632 819 2695 sit
833 2653 906 2695 curn
920 2631 1073 2695 densitate
1086 2630 1182 2695 medii
1197 2634 1376 2717 compressi,
1399 2635 1432 2699 in

146 2768 209 2832 quo
231 2744 339 2830 pulsus
359 2756 582 2832 propagantnn
628 2742 785 2820 Constind
804 2755 910 2808 autem
930 2736 1121 2831 intelligatur
1139 2743 1321 2829 pendulmn‚
1344 2744 1432 2830 cujus

176 2959 209 3022 (²)
226 2961 333 3020 Tempus,
347 2975 393 3021 quo
404 2967 480 3009 maur
490 2960 560 3007 iidem
568 2967 718 3020 perngerum,
726 2958 769 3006 dcc
804 2956 901 3006 ficiunt:
920 2957 972 3006 soni
980 2956 1035 3007 vero
1044 2957 1070 3006 in
1080 2958 1163 3006 eodan
1174 2962 1226 3006 aete
1237 2958 1343 3018 producti
1354 2975 1383 3007 eo
1393 2959 1431 3007 ia.

147 3023 254 3082 Tempus
262 3038 311 3083 quo
321 3031 401 3069 motus
411 3037 452 3081 per
462 3021 562 3084 aqualia
572 3024 646 3080 spatia
656 3036 772 3084 peragun-
803 3022 915 3068 tensiores
925 3031 986 3076 sunt,
998 3031 1107 3068 manente
1117 3033 1181 3078 tono,
1193 3037 1241 3083 quo
1251 3024 1328 3086 majus
1336 3033 1370 3070 est
1378 3039 1429 3084 spa·

144 3096 183 3133 tur
193 3086 265 3132 estin
276 3087 365 3133 radone
380 3084 550 3145 compositior
561 3083 724 3144 subduplioati
735 3099 774 3131 ra·
802 3085 864 3132 tium
879 3084 944 3147 quod
959 3085 1017 3131 a'e'ris
1034 3085 1154 3145 particula²
1171 3083 1250 3131 eundo
1269 3096 1293 3132 et
1310 3085 1429 3134 redeundo

144 3152 208 3198 tirsus
224 3151 327 3197 materiae
342 3149 463 3196 mouenda
479 3148 566 3200 directe
576 3157 600 3195 et
610 3145 772 3208 subduplicati
803 3148 937 3196 describunt
954 3147 1009 3194 dato
1024 3157 1142 3208 tempore3
1162 3158 1189 3195 ut
1207 3151 1226 3194 si
1243 3149 1329 3196 chorda
1340 3151 1428 3197 musica

143 3215 234 3262 ratione
250 3214 285 3260 vis
300 3213 404 3260 metricis
418 3212 508 3260 inverse
520 3217 572 3286 (per
590 3213 643 3260 Cor.
653 3216 677 3259 5.
696 3211 767 3272 Prop.
803 3211 903 3259 validius
913 3211 1025 3272 pulsetur,
1042 3213 1141 3273 maj0res
1151 3212 1290 3258 vibrationes
1301 3212 1355 3259 dato
1366 3223 1426 3260 tem-

145 3278 263 3338 XXlV.)
283 3273 384 3339 ideoque
402 3277 429 3324 in
445 3278 490 3324 hoc
506 3276 575 3324 tertio
590 3289 652 3330 casu,
668 3285 769 3334 tempus,
801 3291 857 3337 pore
868 3276 964 3338 peragit,
976 3277 1119 3338 majoresque
1130 3275 1285 3322 oscillationes
1300 3276 1426 3336 particula·

143 3351 254 3388 manente
264 3341 339 3402 spatie
349 3340 471 3401 descripto,
482 3340 606 3402 augebitur
615 3340 640 3385 in
649 3339 771 3398 subdupli·
801 3355 855 3386 rum
866 3340 924 3386 a'e‘ris
935 3339 1026 3394 excitat,
1044 3349 1068 3386 et
1082 3355 1153 3387 sonus
1168 3339 1279 3385 intensior
1289 3339 1424 3400 percipitur,

143 3404 194 3452 caui
204 3407 294 3452 ratione
304 3403 431 3460 densitatis,
446 3420 474 3451 ac
489 3403 633 3450 diminuetur
643 3403 668 3449 in
679 3402 768 3449 subdu·
799 3403 855 3450 licet
865 3412 936 3450 tonus
946 3403 1009 3450 idem
1020 3411 1114 3451 maneat
1124 3412 1148 3450 et
1158 3401 1256 3463 proindb
1266 3403 1380 3463 pulsuum
1389 3402 1425 3451 la-

142 3469 229 3528 plicata
238 3467 369 3516 rationevis
378 3468 485 3525 mastica,
497 3465 652 3527 etpropterei
659 3466 768 3514 velocitas
799 3466 877 3514 titudo
895 3481 923 3514 ao
938 3465 1046 3514 velocitas
1062 3482 1109 3513 non
1125 3476 1252 3514 mutentur.
1290 3465 1351 3514 Cdrn
1367 3477 1424 3530 ergo

142 3549 195 3594 quae
211 3543 247 3579 est
258 3541 285 3578 ut
295 3532 396 3593 spatium
414 3530 501 3579 directe
519 3541 544 3578 et
559 3541 651 3591 tempus
669 3528 767 3587 inverse,
798 3539 865 3578 tanta
875 3531 906 3576 sit
915 3529 1023 3577 velocitas
1041 3530 1099 3577 lucis
1110 3539 1136 3577 ut
1150 3544 1190 3590 per
1206 3531 1381 3591 atmosphaeram
1397 3531 1423 3576 in

142 3600 184 3659 (cb
199 3596 285 3644 datum
301 3596 404 3657 spatium
419 3610 461 3655 per
478 3595 559 3656 Hyp.)
577 3595 621 3642 erit
638 3595 663 3640 in
680 3593 769 3656 rau’ooe
800 3595 894 3640 instanti
905 3593 982 3656 quood
993 3607 1088 3642 sensum
1099 3603 1239 3656 propagetur
1250 3596 1302 3658 (per
1312 3593 1382 3640 schol
1393 3593 1423 3641 ad
1509 3599 1533 3662 f

142 3660 271 3720 compositi
280 3661 409 3706 erratione
420 3658 582 3720 subduplrcati
591 3658 710 3705 densitatis
719 3673 769 3704 rne-
803 3657 875 3718 Prop.
889 3657 986 3706 xcvi.
1000 3658 1054 3706 Lib.
1068 3657 1122 3717 1.);
1139 3658 1159 3704 si
1170 3673 1242 3706 sonus
1252 3666 1275 3703 et
1286 3655 1327 3703 lux
1338 3657 1421 3704 eodem
1440 3669 1443 3688 ³

142 3724 174 3770 dii
184 3723 284 3780 inverse,
300 3733 326 3770 et
340 3722 430 3770 ratione
446 3722 606 3784 subduplicati
618 3723 653 3768 ris
668 3721 769 3769 clasticre
800 3731 890 3782 puncto
900 3721 1010 3781 temporis
1021 3722 1156 3776 excitentur,
1168 3721 1204 3768 uti
1213 3720 1239 3766 in
1249 3719 1363 3767 machinis
1373 3721 1421 3768 bel-

143 3787 244 3845 direote3
262 3787 303 3835 aed
318 3786 378 3834 detis
392 3786 465 3833 medii
475 3787 589 3834 densitate
599 3785 655 3832 etri
666 3783 766 3842 alacriori,
798 3784 849 3832 licis
858 3784 954 3831 flamma
962 3785 1069 3847 etfragor
1075 3784 1235 3845 producuntur
1241 3783 1317 3839 simul,
1325 3793 1349 3831 et
1356 3799 1421 3844 spec-

142 3851 252 3898 velocitas
268 3851 388 3912 pulsuum,
404 3850 644 3913 auumquevarietur
658 3849 767 3908 spatium,
798 3857 859 3896 tator
876 3849 977 3908 spatium
996 3864 1043 3912 quo
1061 3863 1076 3895 a
1094 3862 1188 3908 corpore
1205 3859 1326 3895 resonante
1344 3847 1422 3906 distat,

142 3913 194 3962 data
209 3925 251 3969 est,
270 3919 322 3978 (per
334 3915 386 3962 Cas.
403 3920 423 3961 1.
437 3923 461 3960 et
471 3914 507 3974 9.)
524 3912 581 3975 ergd
595 3913 704 3959 velocitas
713 3912 766 3972 pul·
798 3921 937 3976 tempusque
955 3911 1018 3976 quod
1034 3911 1095 3958 inter
1111 3912 1207 3958 luminis
1218 3920 1241 3959 et
1256 3912 1307 3958 soni
1326 3919 1421 3973 pertep-

142 3993 211 4025 suum
222 3979 268 4025 erit
278 3995 326 4025 sem
344 3978 402 4024 erin
409 3977 633 4037 rationecompositi
642 3977 767 4024 erratione
797 3977 873 4023 tiones
888 3977 1016 4033 intercedit,
1032 3975 1178 4032 dimediatur,
1193 3975 1245 4021 soni
1261 3975 1369 4023 velocitas
1384 3977 1421 4022 in·

142 4041 303 4102 subdupiicatri
319 3995 518 4088 diudmdsmerlii
533 4039 622 4088 inverse
638 4049 662 4087 et
677 4040 766 4087 ratione
797 4047 906 4086 notescet.
944 4042 1023 4104 Atque
1040 4055 1068 4088 eo
1084 4040 1154 4086 modo
1165 4040 1189 4084 in
1205 4039 1272 4086 variis
1288 4040 1421 4102 regionibus

141 4106 304 4165 subduplicaui
314 4106 348 4151 vis
358 4105 457 4152 elasticre
467 4102 559 4152 directe.
797 4103 861 4152 varia
872 4105 989 4152 observata
997 4113 1031 4152 est
1042 4102 1149 4150 velocitas
1159 4103 1218 4157 soni,
1230 4111 1253 4149 et
1261 4102 1285 4149 in
1296 4104 1383 4166 Anglii
1392 4101 1421 4150 eb

173 4175 227 4217 818.
249 4171 289 4217 Ex
299 4169 344 4216 hic
356 4168 518 4230 Propositione
528 4176 591 4228 patet
601 4182 645 4214 cur
653 4167 704 4214 soni
715 4181 767 4228 om·
798 4166 914 4214 ederitate
923 4167 984 4226 ferri,
999 4166 1139 4215 Flamstedio
1148 4176 1173 4213 et
1184 4165 1368 4228 Halieyovisum
1377 4177 1418 4222 est,

141 4233 177 4279 nia
186 4235 286 4296 generis,
303 4233 380 4296 gravis
390 4243 414 4279 et
424 4243 515 4289 acutus,
533 4233 639 4278 intensus
649 4241 673 4278 et
687 4231 768 4278 ramis-
798 4230 845 4293 qui
855 4230 925 4290 pedes
937 4232 1099 4279 Loudinenses
1109 4230 1163 4290 plus
1173 4230 1252 4278 minus
1267 4236 1335 4288 1149,
1354 4230 1420 4278 Pari·

142 4311 187 4353 sus,
204 4298 255 4358 pari
270 4298 389 4345 velocitate
399 4296 424 4342 in
436 4296 517 4342 eodem
534 4297 585 4342 aba
600 4305 765 4357 propagentur.
798 4293 884 4340 denses
894 4293 949 4342 verb
962 4301 1030 4349 1070,
1042 4303 1145 4354 tempore
1156 4293 1241 4341 minuti
1251 4295 1322 4340 unius
1337 4309 1421 4341 secun.

142 4359 204 4406 Nam
215 4375 326 4407 sonorum
334 4361 459 4413 diuersitas,
467 4359 545 4421 quoad
553 4376 624 4420 grave
631 4368 765 4415 etamatum,
798 4357 823 4405 di
833 4368 984 4418 percurreret.
1018 4358 1082 4412 Quia
1092 4355 1146 4404 verti
1154 4357 1333 4405 densitasetvia
1343 4357 1420 4404 eiasti.
1441 4402 1444 4408 ,

140 4437 154 4468 a
165 4439 263 4471 numero
274 4424 386 4485 pulsuum
397 4425 472 4485 quiin
484 4425 536 4470 a'e're
546 4432 649 4482 tempore
659 4421 713 4469 dato
723 4437 765 4468 ex-
797 4436 825 4469 ca
834 4422 893 4468 aliris
903 4423 928 4468 in
936 4423 1003 4469 variis
1013 4423 1137 4472 Terrarum
1143 4421 1209 4477 locis,
1221 4421 1421 4482 diversisqueanni

140 4487 246 4544 citantur,
269 4487 355 4548 pendet
374 4487 462 4596 5516);
484 4497 509 4532 at
529 4489 656 4548 (perhanc
680 4483 764 4546 Prop)
796 4487 971 4545 tempestatibus
992 4486 1017 4532 in
1038 4485 1120 4531 eodem
1141 4485 1194 4532 loco
1214 4493 1343 4541 mutantur,
1365 4483 1421 4532 inde

138 4551 220 4608 pulsus
230 4553 296 4610 aeris,
309 4566 441 4612 seupures
451 4565 492 4596 seu
500 4551 622 4610 pauciores
637 4550 692 4601 dato
706 4559 765 4595 tem.
797 4564 893 4612 quoque
911 4551 996 4609 mutari
1014 4559 1104 4609 oportet
1119 4549 1169 4595 soni
1181 4547 1331 4594 velocitatem.
1369 4549 1421 4595 Diu

139 4628 193 4670 pore
203 4615 369 4674 producantur,
386 4614 468 4661 eadem
485 4629 575 4673 semper
590 4612 710 4660 velocitate
720 4611 766 4659 dif-
797 4612 912 4660 creditum
923 4623 965 4670 est,
983 4614 1156 4659 obsert¹anubus
1168 4613 1301 4666 Mersenno,
1321 4611 1421 4658 Garsen-
1474 4618 1476 4623 '

139 4676 372 4726 fundunturetdato
383 4688 487 4738 tempore
499 4677 580 4724 datum
591 4677 693 4737 spatium
710 4689 765 4722 con·
797 4677 836 4731 do,
860 4684 885 4723 'et
905 4676 1054 4725 Academicis
1073 4675 1221 4732 libraminis,
1239 4689 1323 4722 sonum
1345 4684 1421 4738 neque
1490 4683 1495 4701 ¹

170 4758 231 4806 Vos.
246 4760 284 4808 ΙΙ.
768 4758 791 4806 T
854 4759 863 4786 ⁸
