3434 5500
213 4150 226 4163 ⁶
310 4161 389 4201 tur
428 4153 604 4213 ubique
650 4151 902 4214 aequaliter,
949 4149 1140 4212 aequalis
1181 4163 1366 4209 quoque
1410 4147 1499 4194 erit

310 430 536 498 ann
558 428 889 507 Sucunna]
953 427 1439 494 PRINCIPIA
1485 427 2231 494 MATHEMATICA.
2761 436 2880 495 261

309 600 480 665 missi
499 620 637 663 sese
665 599 733 661 in
760 619 979 662 omnes
1003 597 1272 661 cubiculi
1289 607 1497 682 partes
1520 597 1802 674 dilatant,
1835 598 2023 683 inque
2044 596 2288 685 angulis
2311 598 2600 662 omnibus
2622 599 2887 663 audiun-

307 724 423 787 tur,
457 731 587 773 non
617 719 745 770 tam
775 707 993 770 reflexi
1022 730 1059 770 a
1085 706 1424 790 parietibus
1454 706 1777 790 oppositiS,
1811 728 1998 793 quam
2027 730 2067 770 a
2092 706 2364 772 fenestra
2394 706 2629 771 directe
2656 729 2890 792 propa-

306 819 455 907 gati,
490 813 795 903 quantum
824 836 906 878 ex
935 836 1119 878 sensu
1142 813 1425 898 judicare
1453 814 1617 878 licet.

394 932 532 995 Cas.
567 937 626 993 3.
694 926 1012 991 Ponamus
1042 925 1311 1011 denique
1339 924 1511 1011 quod
1539 935 1748 989 motus
1778 926 2198 1011 cujuscunque
2226 927 2475 1012 generis
2504 894 2899 1013 propagetur

306 1040 384 1103 ab
415 1039 478 1102 A
504 1060 620 1124 per
648 1037 929 1101 foramen
961 1037 1019 1101 B
1052 1036 1147 1100 C:
1195 1046 1258 1099 et
1286 1036 1582 1121 quoniam
1608 1036 1980 1122 propagatio
2008 1035 2128 1100 ista
2156 1057 2284 1099 non
2313 1036 2405 1113 fit,
2429 1036 2551 1099 nisi
2581 1034 2886 1121 quatenus

304 1158 512 1232 partes
542 1144 735 1211 medii
765 1155 981 1209 centro
1013 1145 1074 1212 A
1104 1144 1428 1230 propiores
1456 1154 1689 1232 urgent
1714 1153 2230 1229 commoventque
2272 1154 2481 1229 partes
2524 1142 2883 1221 ulteriores3

304 2949 366 3002 et
390 2948 596 3022 partes
628 2959 769 3023 quae
799 2947 1104 3024 urgentur
1146 2934 1358 2998 fiuidae
1404 2944 1566 3010 sunt,
1614 2930 1882 3015 ideoque
1930 2927 2233 2991 recedunt
2275 2945 2770 3011 quaquaversum
2814 2923 2882 2985 in

302 3045 585 3132 regiones
632 3044 744 3106 ubi
786 3043 993 3106 minus
1051 3052 1455 3125 premuntur:
1518 3037 1812 3100 recedent
1870 3033 2109 3098 eaedem
2167 3055 2381 3096 versus
2429 3032 2622 3096 medii
2671 3040 2881 3115 partes

304 3177 519 3219 omnes
568 3153 975 3239 quiescentes,
1032 3163 1162 3215 tam
1210 3148 1495 3214 laterales
1546 3146 1611 3210 K
1646 3146 1703 3209 L
1744 3156 1806 3208 et
1845 3143 1911 3206 N
1942 3142 2025 3219 O,
2077 3138 2265 3226 quam
2315 3141 2656 3204 anteriores
2704 3138 2760 3203 P
2793 3137 2878 3214 Q,

304 3282 498 3344 eoque
525 3256 711 3344 pacto
740 3270 944 3322 motus
975 3259 1197 3335 omniS,
1246 3279 1434 3343 quam
1470 3253 1745 3339 primum
1773 3271 1889 3335 per
1916 3248 2198 3311 foramen
2231 3248 2288 3311 B
2322 3246 2377 3309 C
2407 3241 2671 3322 transiit,
2725 3243 2882 3307 dila-

304 3366 419 3430 tari
446 3365 700 3450 incipiet
729 3379 791 3430 et
818 3365 965 3429 inde
980 3374 1280 3452 tanquam
1308 3387 1348 3427 a
1372 3359 1682 3448 principio
1712 3368 1778 3422 et
1807 3366 2045 3434 centr0,
2074 3354 2142 3418 in
2161 3365 2377 3439 partes
2398 3374 2618 3417 omnes
2639 3347 2876 3416 directe

305 3472 653 3559 propagari.
746 3471 831 3547 Q.
863 3494 917 3535 e.
950 3471 1012 3533 d.

368 3647 477 3692 299.
517 3640 733 3688 Lemma.
798 3642 873 3688 Vis
903 3640 1193 3687 accelerabis·
1221 3633 1318 3698 qua
1342 3650 1496 3697 punc·

308 3715 408 3754 tum
441 3707 665 3769 quodlibet
702 3709 750 3754 P
783 3706 915 3752 nervi
955 3705 1069 3750 tensi
1110 3712 1155 3749 et
1195 3702 1497 3762 uniformiter

309 3772 451 3818 crassi
492 3778 701 3830 urgetur,
752 3772 869 3817 dum
908 3783 991 3828 per
1032 3768 1348 3814 brevissimum
1392 3779 1495 3824 spa-

309 3838 430 3882 tium
473 3836 721 3889 oscillotur,
770 3843 836 3880 est
877 3841 933 3880 ue
979 3833 1108 3879 nervi
1148 3838 1400 3878 curvatura
1443 3829 1496 3874 in

308 3901 458 3946 eodem
489 3899 599 3944 loco.
669 3897 856 3942 Nervus
896 3895 943 3942 A
982 3895 1021 3941 C
1064 3893 1269 3954 pondere
1310 3892 1357 3938 G
1392 3900 1497 3937 ten-

309 3977 388 4009 sus
418 3959 672 4008 osculando
699 3959 960 4020 pervenerit
990 3957 1050 4004 ad
1081 3957 1357 4017 positionem
1388 3969 1496 4001 cur-

309 4041 378 4073 vae
410 4025 457 4072 A
484 4024 527 4071 P
553 4024 607 4078 C,
644 4039 755 4071 cum
784 4038 873 4070 axe
908 4024 954 4070 A
983 4023 1023 4070 C
1056 4019 1153 4068 fere
1180 4017 1494 4076 coincidentis,

311 4097 358 4137 et
387 4088 497 4152 quia
528 4087 653 4135 linea
688 4095 814 4135 recta
856 4088 895 4134 C
935 4087 981 4133 A
1020 4084 1225 4147 pondere
1262 4084 1309 4131 G
1344 4082 1497 4129 tendi-

309 4217 459 4264 tensio
480 4215 695 4262 omnium
717 4216 917 4276 partium
940 4229 1092 4261 curvae
1119 4213 1166 4259 A
1193 4212 1236 4259 P
1261 4212 1301 4259 C
1333 4227 1498 4274 quam-

308 4281 533 4342 proxime.
607 4279 830 4327 Sumatur
870 4286 1100 4340 punctum
1144 4291 1190 4335 p,
1235 4285 1410 4336 puncto
1456 4275 1499 4322 P

309 4343 731 4408 quamproximum,
756 4352 804 4390 et
824 4342 976 4389 ductis
996 4341 1291 4403 tangentibus
1317 4340 1360 4386 P
1374 4350 1407 4395 t,
1431 4356 1462 4400 p
1480 4348 1501 4386 t

311 4408 692 4456 concurrentibus
707 4408 756 4453 in
771 4416 805 4464 t,
823 4406 1110 4466 compleatur
1125 4403 1499 4466 parallelogram-

310 4487 444 4519 mum
480 4472 524 4519 P
547 4480 568 4518 t
588 4487 619 4532 p
649 4488 687 4528 r,
721 4470 1043 4532 ducanturque
1080 4468 1141 4514 ad
1170 4482 1360 4514 curvam
1393 4482 1499 4515 nor-

309 4537 455 4583 males
502 4535 545 4583 P
580 4535 643 4592 0,
687 4551 723 4596 p
755 4536 803 4584 Ο
824 4542 1151 4580 concurrentes
1183 4531 1234 4578 in
1274 4532 1336 4586 O,
1382 4531 1502 4578 vires

310 4600 515 4662 aequales
547 4598 718 4662 quibus
749 4613 882 4644 arcus
920 4611 1192 4644 evanescens
1231 4596 1273 4642 P
1304 4611 1348 4656 p,
1396 4596 1500 4658 (qui

310 4664 434 4711 sumi
455 4671 608 4725 potest
622 4677 831 4724 proarcu
843 4661 1005 4709 circuli
1021 4660 1151 4706 radio
1171 4660 1214 4706 P
1234 4660 1280 4706 O
1299 4657 1500 4719 descrip-

309 4727 345 4776 ti
368 4729 505 4794 (121.
532 4726 641 4776 Lib.
670 4727 741 4790 Ι.)
774 4726 827 4774 in
846 4723 1175 4773 directionibus
1205 4722 1500 4785 tangentium
