3434 5500
158 418 273 516 aaa
289 451 453 532 staura]
497 447 762 517 'errrorem
785 448 1156 516 unrnnurrrca.
1399 452 1439 508 aa

96 665 101 669 «
155 619 338 705 hyperbolae
351 619 528 683 inescensu
539 619 678 702 corporis
699 619 740 682 ab
761 620 802 696 A,
829 631 860 681 et
874 618 975 683 minus
998 627 1149 684 accuratae
1162 615 1276 698 inejus
1290 613 1441 676 descensu

155 729 197 792 ad
213 730 263 806 K;
289 742 322 794 et
335 741 452 794 contra.
498 729 684 814 Hyperboln
706 729 814 792 conica
836 727 1024 806 mediocrem
1039 723 1197 788 rationem
1213 734 1306 800 tenet,
1334 733 1440 806 estque

155 835 276 900 caeteris
291 835 468 920 slmplicior.
514 834 615 920 Igitur
630 835 655 896 si
671 832 843 919 hyperbole
857 834 898 896 sit
911 832 1002 917 hujus
1016 831 1149 918 generis,
1175 841 1205 892 et
1226 840 1377 913 punctum
1395 827 1437 904 K,

153 941 211 1005 ubi
236 963 348 1024 corpus
373 941 546 1025 projectum
562 939 693 1002 incidet
707 939 741 1000 in
763 949 882 1002 rectam
906 937 1045 1024 quamvis
1071 937 1104 1002 A
1118 936 1161 1006 N,
1171 958 1228 1020 per
1242 948 1393 1020 punctum
1409 935 1441 998 A

159 1060 382 1122 trameuntem,
420 1056 592 1130 quaeratur:
636 1054 779 1108 occurrat

156 1158 311 1244 producta
321 1155 392 1220 AN
400 1151 579 1240 asymptotis
589 1153 629 1216 M
639 1154 684 1230 X,
697 1153 730 1217 N
740 1152 775 1216 X

153 1268 189 1330 in
215 1264 256 1328 M
278 1274 311 1327 et
332 1263 375 1338 N,
402 1275 434 1326 et
454 1272 596 1332 sumatur
615 1259 695 1332 NK
717 1260 777 1344 ipsi

156 1374 190 1436 A
204 1371 245 1436 M
259 1371 397 1456 aequalis·
878 1423 881 1430 .

123 1483 127 1488 ’
199 1481 278 1561 neg.
295 1486 326 1546 7.
349 1478 392 1542 Et
405 1476 480 1540 hinc
492 1477 593 1561 liquet
612 1475 776 1540 methodus

156 1584 303 1668 expedita
325 1583 555 1647 determinandi
568 1581 649 1646 hanc
663 1582 777 1667 hyper·

155 1693 260 1756 bolam
275 1712 317 1755 ex
335 1691 558 1776 phaenomenis
606 1691 775 1775 Projician-
837 1732 841 1738 ·

155 1812 209 1863 tur
223 1787 359 1882 corpora
380 1798 444 1862 duo
462 1793 574 1862 similia
588 1809 620 1860 et
634 1798 774 1883 aequalia,

155 1906 268 1970 eidem
282 1907 453 1982 velocitate,
476 1906 509 1967 in
531 1894 652 1990 angulis
675 1903 777 1967 diver·
1228 1933 1232 1970 ;
1284 1983 1286 1993 y

154 2013 196 2076 sis
217 2014 255 2076 H
271 2016 302 2076 A
319 2012 361 2088 Κ,
384 2011 498 2088 hAk‚
521 2011 720 2096 incidautque
737 2002 783 2074 ‘in‘
820 2057 864 2109 Μ
901 2053 936 2102 Α,
1192 1995 1196 2004 “

153 2121 283 2205 planum
296 2118 463 2182 horizontis
477 2118 518 2180 in¹
527 2117 562 2180 K
574 2130 607 2181 et
619 2118 658 2194 k3
674 2132 706 2182 et
715 2142 771 2182 no·
907 2103 969 2184 (Ξῖ

153 2238 237 2290 tetur
258 2226 421 2310 proportio
436 2223 517 2289 ΑΚ
539 2223 580 2288 ad
602 2225 633 2288 A
646 2226 680 2288 k.
728 2227 776 2291 Sit

153 2355 193 2396 ea
206 2332 229 2395 d
242 2332 284 2396 ed
297 2355 326 2395 e.
370 2331 454 2394 Tum
469 2343 571 2394 erecto
593 2332 727 2415 cujusvis
748 2331 951 2418 longitudinis
973 2331 1197 2416 perpendiculo
1219 2333 1250 2396 A
1266 2333 1293 2408 Ι,
1316 2351 1438 2398 assume

156 2452 318 2525 utcunque
330 2438 556 2526 longitudinem
570 2439 602 2502 A
617 2439 655 2501 H
669 2439 719 2503 vel
734 2442 765 2503 A
779 2440 811 2516 h,
836 2440 869 2524 (¹)
886 2453 917 2503 et
939 2441 1011 2504 inde
1034 2441 1145 2526 collige
1165 2441 1315 2526 graphice
1335 2442 1437 2530 longi·

153 2545 279 2608 tudines
294 2545 326 2608 A
343 2545 388 2619 K,
408 2545 439 2607 A
453 2539 493 2619 k,
508 2539 565 2627 per
581 2539 660 2630 Reg.
677 2555 708 2609 6.
754 2547 789 2610 Si
803 2547 883 2609 ratio
897 2547 928 2610 A
942 2545 973 2609 K
989 2545 1029 2609 ad
1044 2547 1105 2610 Ak
1120 2547 1161 2609 sit
1174 2545 1283 2610 eadem
1297 2570 1369 2610 cum
1383 2570 1436 2611 ra-

153 2650 277 2716 tioned
290 2649 331 2714 ad
345 2672 373 2727 e,
395 2649 442 2734 (¹¹¹)
456 2648 619 2736 longitudo
635 2650 666 2713 A
682 2649 720 2714 H
734 2649 817 2714 recte
830 2651 1065 2734 assumptasuit.
1111 2652 1167 2725 Sin
1188 2653 1290 2716 minus
1306 2655 1436 2738 cape-in

156 2863 237 2910 Porro*
246 2860 303 2911 edm
317 2857 456 2909 numemsn
465 2861 536 2922 possit
546 2874 595 2911 esse
606 2864 704 2926 quihbet
720 2864 792 2913 inte-1
812 2865 874 2926 poris
891 2868 935 2915 sub
951 2866 1045 2927 diversis
1060 2866 1153 2929 angulis
1165 2867 1192 2915 H
1206 2865 1274 2929 AR,
1286 2867 1302 2913 h
1315 2866 1337 2913 A
1350 2865 1367 2911 k
1383 2880 1435 2926 pro-

154 2940 199 2987 ger
215 2927 252 2973 vel
270 2926 365 2982 fractus,
388 2935 412 2979 et
427 2926 452 2972 in
471 2928 596 2986 hyperbole
616 2929 696 2975 conica
717 2928 746 2975 sit
764 2945 781 2975 n
808 2932 872 2993 jetti,
891 2941 969 2977 manet
991 2930 1183 2991 perpendiculum
1206 2932 1229 2976 A
1250 2930 1272 2985 Ι,
1294 2938 1318 2976 et
1338 2938 1437 2991 tangens

155 2989 251 3051 aequalis
260 2988 354 3045 unitati,
370 3003 423 3050 quae
432 2989 503 3037 veluti
515 2990 618 3036 medium
629 2992 707 3037 locum
717 3002 781 3039 tenet
813 2996 836 3039 A
850 2990 878 3039 H
894 2994 989 3055 aequalia
1005 3003 1040 3039 est
1059 2994 1163 3055 tangenti
1181 2994 1231 3040 Ah
1248 2995 1299 3055 (per
1318 2992 1437 3053 Regulam

155 3052 217 3099 inter
233 3068 343 3098 numeroe
360 3066 441 3099 omnes
457 3054 559 3115 integros
576 3063 600 3100 et
618 3055 709 3112 fractos,
727 3056 781 3102 satir
814 3054 878 3117 1²¹⁰).
915 3057 984 3103 Datis
994 3065 1104 3119 tangente
1117 3058 1140 3104 A
1153 3057 1188 3112 H,
1199 3056 1287 3118 angulo
1299 3057 1327 3104 H
1339 3056 1363 3103 A
1377 3054 1402 3101 K
1413 3063 1437 3101 et

155 3116 306 3162 manifestum
317 3124 352 3162 est
366 3116 518 3175 hyperbolem
528 3117 633 3163 conicum
643 3119 702 3165 inter
713 3134 781 3179 supe-
812 3118 977 3180 perpendiculo
998 3121 1021 3165 A
1034 3120 1054 3175 I,
1074 3120 1200 3181 hyperbole
1220 3121 1243 3165 A
1258 3120 1282 3165 G
1294 3120 1322 3165 K'
1339 3118 1437 3166 describi

155 3180 228 3225 riores
238 3195 320 3225 omnes
330 3188 354 3225 et
367 3180 485 3226 inferiores
494 3180 630 3241 hyperbolae
639 3182 780 3229 mediocrem
811 3192 886 3243 potest
897 3184 949 3245 (per
961 3184 1021 3245 Reg.
1035 3182 1090 3230 6²⁰¹·
1102 3192 1126 3229 et
1135 3193 1215 3229 notam
1225 3182 1337 3243 praeced.)
1349 3192 1373 3229 et
1383 3178 1436 3228 ided

156 3244 271 3289 rationem
281 3252 366 3297 tenere,
383 3252 407 3287 et
415 3238 469 3303 quia
479 3239 548 3289 etiarn
560 3242 647 3290 caeteris
657 3244 781 3306 simplicior
811 3246 866 3293 data
876 3254 910 3292 est
920 3250 971 3292 tu'm
988 3246 1070 3305 specie,
1089 3254 1141 3293 turn
1157 3245 1327 3307 magnitudine.
1364 3243 1435 3292 Unde

157 3314 199 3363 eet,
210 3320 278 3365 posse
288 3306 341 3352 loon
351 3320 410 3351 rerae
420 3307 555 3366 trajectoriae
565 3308 590 3353 in
600 3308 678 3355 medio
693 3308 782 3355 unifor-
814 3310 833 3356 si
848 3310 935 3355 dentur
948 3316 1040 3355 tantum
1055 3309 1156 3371 angulus
1168 3309 1195 3355 H
1210 3309 1233 3353 A
1247 3308 1272 3355 K
1283 3316 1306 3355 et
1316 3308 1374 3354 ratio
1384 3316 1436 3353 tan-

156 3369 225 3416 miter
236 3370 309 3415 denso
316 3368 427 3415 adhiberi.
448 3368 473 3416 Si
478 3369 680 3431 igitmhyperbola
689 3374 712 3419 A
723 3374 745 3419 G
757 3372 783 3419 K
814 3374 891 3435 gentis
911 3372 938 3418 H
953 3374 975 3418 A
987 3371 1017 3418 ad
1030 3374 1053 3418 A
1065 3372 1087 3429 l,
1106 3372 1231 3433 hyperbole
1246 3373 1268 3418 A
1282 3371 1305 3418 G
1318 3372 1344 3418 K
1360 3369 1436 3431 specie

156 3432 269 3495 sitbujus
279 3432 533 3493 generisetpnnctum
543 3434 577 3490 Κ,
588 3434 629 3480 ubi
640 3450 783 3495 eorpuspro-
814 3446 906 3483 tanturn
922 3435 1021 3491 dabitur,
1037 3434 1062 3481 id
1073 3444 1114 3490 est,
1130 3450 1210 3481 omnes
1225 3434 1362 3495 hyperbolae,
1383 3448 1436 3495 quae
1464 3488 1466 3495 y

153 3496 244 3558 jectum
252 3495 340 3542 incidet
350 3495 376 3541 in
382 3506 469 3542 rectam
476 3498 582 3557 quamvis
594 3503 618 3543 A
630 3498 662 3553 Ν,
674 3500 783 3545 horizon·
814 3515 843 3545 ex
853 3500 890 3545 his
901 3498 992 3546 duobus
1006 3498 1064 3545 datis
1080 3497 1243 3555 describentur,
1261 3497 1347 3544 similes
1357 3504 1433 3542 erunt.

157 3560 230 3608 talem
248 3559 286 3605 rel
302 3559 415 3605 horizonti
432 3560 557 3621 obliquam,
575 3576 617 3621 per
626 3571 741 3621 punctum
759 3564 782 3609 A
817 3564 896 3617 Quare
911 3562 931 3607 si
946 3562 972 3607 in
987 3561 1111 3623 hyperboli
1124 3564 1146 3607 A
1162 3562 1185 3608 G
1196 3562 1229 3616 K,
1247 3576 1299 3623 quae
1314 3561 1339 3607 in
1357 3558 1437 3607 chartei
1497 3556 1500 3567 '

157 3631 326 3678 transeuntem,
337 3631 467 3683 queratur:
481 3633 585 3671 occurrat
596 3624 708 3684 producta
720 3627 743 3671 A
757 3626 783 3673 N
814 3626 927 3685 descripta
937 3626 1081 3685 supponitur,
1097 3634 1195 3687 tangens
1205 3632 1323 3683 assumpta
1334 3624 1357 3669 A
1368 3623 1394 3669 H
1406 3622 1436 3669 sit

157 3686 295 3746 asymptotis
306 3686 336 3731 M
350 3686 383 3742 X,
396 3686 421 3732 N
434 3688 468 3742 X,
484 3688 509 3732 in
522 3687 552 3734 M
563 3696 586 3733 et
598 3688 631 3743 N,
647 3698 671 3734 et
681 3698 786 3735 sumatur
817 3690 847 3736 ad
857 3687 1048 3748 perpendiculum
1066 3691 1089 3735 A
1102 3689 1124 3745 I,
1144 3698 1172 3735 ut
1187 3685 1435 3749 tangenshyperbolae

159 3750 225 3813 NK
235 3750 280 3809 ipsi
293 3750 317 3796 A
334 3750 364 3795 M
381 3750 482 3810 equalis,
500 3759 524 3797 et
538 3751 661 3798 habebitur
670 3761 786 3811 punctum
816 3768 887 3814 quam
898 3766 981 3811 corpus
991 3755 1034 3801 sub
1045 3752 1133 3813 angulo
1144 3751 1226 3813 aequali
1237 3752 1264 3797 H
1277 3752 1299 3796 A
1312 3751 1336 3797 K
1347 3749 1436 3811 proJec-

159 3812 187 3859 Κ
196 3816 252 3873 (per
264 3812 386 3876 'lheorslg
399 3812 429 3859 de
439 3813 553 3873 corticis).
814 3826 866 3862 tum
877 3816 902 3861 in
912 3815 989 3862 medic
1005 3816 1122 3861 resistente
1138 3815 1251 3870 describit,
1270 3823 1306 3861 est
1320 3814 1350 3859 ed
1366 3828 1436 3858 suum

191 3876 221 3939 (¹)
235 3879 249 3907 ⁰
260 3878 296 3926 Et
306 3880 360 3923 inde
370 3879 446 3938 collige
455 3877 566 3937 graphicd,
578 3878 620 3925 dcc.
648 3878 712 3927 Daui
720 3878 783 3927 enim
814 3878 1005 3939 perpendiculum
1018 3881 1041 3926 A
1052 3880 1080 3936 Ι,
1091 3878 1215 3939 hyperbole
1224 3880 1247 3925 A
1257 3879 1281 3926 G
1291 3878 1316 3924 K
1324 3880 1350 3922 in
1357 3877 1437 3923 charta

157 3948 270 4002 tangente
283 3940 306 3986 A
320 3940 355 3995 H,
367 3950 418 3985 tum
429 3939 591 4001 magnitudine
601 3952 652 3988 tum
661 3944 781 4001 positione,
813 3942 927 4003 descripta
944 3942 1025 3988 similis
1043 3943 1086 3989 erit
1101 3941 1232 4004 hyperbolae
1249 3956 1301 4003 quoe
1317 3938 1435 3985 in'medio

158 4003 228 4049 datur
238 4002 351 4050 verticalis
363 4003 390 4049 H
402 4003 427 4049 N
438 4018 492 4050 cum
503 4013 589 4063 puncto
601 4005 641 4063 N,
652 4016 676 4052 et
685 4006 782 4067 quiaes-
813 4007 932 4053 resistente
943 4005 1083 4053 describitur.
1119 4008 1151 4051 Et
1162 4006 1243 4051 eodem
1254 4013 1392 4067 argumento
1402 4002 1437 4049 al·

158 4068 261 4113 admittar
270 4066 340 4113 etiarn
353 4067 375 4112 A
388 4066 412 4122 I,
429 4078 452 4113 et
466 4077 500 4114 est
517 4068 544 4115 H
558 4068 583 4113 X
594 4089 629 4113 =
641 4075 656 4114 2
669 4069 691 4115 A
704 4070 717 4116 I
730 4075 781 4133 (per
812 4080 862 4115 tera
871 4070 1002 4129 hyperbole,
1014 4069 1081 4130 cujus
1091 4078 1125 4116 est
1132 4069 1263 4129 amplitudo
1275 4070 1298 4115 A
1310 4067 1334 4123 k,
1351 4076 1375 4113 et
1385 4076 1436 4113 tan„

158 4130 220 4177 dem.
239 4132 302 4191 Reg.
317 4130 365 4189 1³)
381 4132 412 4175 ob
423 4144 438 4175 n
449 4148 483 4175 =
498 4136 524 4187 ¹3
545 4130 637 4178 dabitur
652 4133 782 4193 hyperbnlae
814 4148 872 4194 gens
884 4134 908 4178 A
919 4135 943 4187 h,
964 4142 1072 4201 magenta
1091 4132 1256 4192 perpendiculo
1271 4132 1295 4179 A
1315 4131 1335 4188 l,
1354 4129 1436 4176 similis
1497 4132 1498 4135 ’

62 4234 68 4245 ,
158 4204 267 4241 centrum
284 4194 316 4251 X,
333 4203 356 4239 et
366 4192 421 4239 inde
431 4195 461 4239 ob
472 4193 782 4253 datumspunctumldabi·
815 4196 859 4242 erit
880 4196 1010 4255 hyperbolae
1032 4196 1066 4241 illi
1087 4211 1157 4258 quam
1179 4210 1262 4255 corpus
1284 4197 1327 4241 sub
1348 4192 1435 4267 angulo
1470 4193 1473 4197 ’

159 4267 199 4303 tur
208 4266 354 4317 asymptotus
365 4257 437 4303 altera
448 4256 474 4301 X
487 4256 500 4303 Ι
513 4255 608 4303 Meum
619 4269 706 4317 puncto
718 4260 746 4305 M
758 4260 784 4304 in
816 4260 899 4321 aequali
910 4262 924 4303 h
939 4260 961 4303 A
973 4259 996 4314 k,
1008 4260 1136 4319 projectum
1145 4258 1169 4303 in
1178 4258 1280 4305 secundo
1291 4270 1434 4317 erpenmen-

158 4321 297 4367 horizontali
317 4321 346 4366 M
359 4320 398 4377 N3
418 4330 442 4365 et
458 4319 570 4378 capiendo
589 4322 612 4367 N
628 4322 653 4367 K
672 4322 784 4383 equalem
815 4332 840 4372 tn
858 4322 972 4369 describit.
1010 4320 1066 4376 Qut
1086 4330 1185 4381 propter,
1203 4324 1235 4368 ob
1258 4322 1387 4384 figurarum
1409 4317 1435 4363 in

158 4384 219 4430 datae
236 4384 267 4431 M
280 4384 312 4439 A,
330 4382 421 4429 dabitur
432 4392 545 4441 punctum
558 4384 592 4440 K,
609 4394 633 4431 et
642 4386 696 4431 hinc
707 4386 783 4446 longi·
814 4384 926 4433 charites
937 4386 961 4431 in
970 4384 1047 4431 medio
1058 4385 1175 4432 resistente
1191 4385 1356 4445 descriptarum
1371 4380 1436 4427 sirni-
1506 4388 1513 4408 ·'

158 4448 217 4494 tudo
238 4452 262 4493 A
276 4447 302 4493 K
321 4446 469 4493 obtinebitur.
505 4448 643 4510 Eodemque
660 4449 732 4495 modo
747 4450 783 4495 in·
814 4450 944 4504 litudinem,
956 4448 1120 4509 amplitudines
1137 4451 1159 4495 A
1173 4448 1205 4505 K,
1227 4449 1278 4494 Ak
1292 4454 1361 4493 erunt
1376 4443 1436 4489 inter

157 4512 265 4557 venietur
275 4510 347 4557 altera
357 4510 481 4571 longitudo
494 4512 516 4556 A
527 4510 551 4556 k.
815 4528 840 4559 se
850 4521 878 4559 ut
888 4511 1018 4573 homologae
1028 4510 1374 4572 amplitudineshyperbolarum
1383 4520 1436 4569 quae

191 4574 233 4637 (¹¹¹)
255 4577 268 4604 ⁸
288 4577 421 4634 Longitndo
437 4577 462 4620 A
474 4576 505 4621 H
518 4574 576 4622 recti
593 4584 710 4636 assumpta
720 4576 781 4639 snit.
815 4576 840 4621 in
857 4576 1018 4635 experimentis
1033 4576 1152 4637 descripte
1168 4585 1229 4631 sunt,
1248 4574 1330 4631 idest,
1352 4572 1376 4619 A
1388 4570 1432 4619 K:

159 4637 224 4686 Dani
241 4636 316 4685 medii
334 4636 447 4685 densitate
462 4638 590 4685 iuncum
607 4639 784 4687 velocitatecor-
818 4638 957 4688 Ak=d:
971 4655 992 4687 e.

771 4722 826 4769 χΜ
