3434 5500
261 444 322 500 118
576 434 918 500 PHILOSOPHIAE
941 435 1213 502 NATURALIS
1273 437 1548 518 [MomConrom
1622 492 1626 501 .

282 607 400 669 Caret.
428 612 457 668 5.
498 603 553 666 Et
569 603 716 688 quoniam
749 603 988 689 inaequalibus
1017 628 1036 667 a
1065 616 1173 670 centro
1209 605 1362 670 distantiis
1399 593 1546 672 velocitas

258 715 297 795 (ὖ)
313 714 422 777 eadem
437 725 484 776 est
498 703 530 774 in
546 713 652 797 spirali
668 713 695 776 P
707 713 740 788 Q
753 712 784 776 R
798 725 891 797 atque
906 713 938 775 in
953 712 1036 776 recti
1055 714 1078 778 S
1091 715 1128 791 P,
1145 726 1176 777 et
1189 714 1354 802 longitudo
1369 716 1489 798 spiralis
1504 717 1547 778 ad

256 816 483 908 longitudinem
493 833 586 884 rectae
604 819 630 882 P
648 821 672 885 S
686 832 734 883 est
748 821 780 882 in
796 819 868 883 dati
884 820 1013 896 ratione,
1038 822 1074 906 (θ)
1090 843 1203 907 nempe
1224 822 1257 884 in
1278 822 1398 886 ratione
1415 822 1446 886 Ο
1463 824 1489 886 Ρ
1504 825 1545 888 ad

258 931 289 999 Ο
306 934 345 1007 S3
361 944 484 1016 tempus
498 928 666 995 descensis
681 930 715 992 in

255 1041 360 1124 spirali
374 1043 434 1128 erit
452 1040 493 1103 ad
512 1051 638 1123 tempus
659 1036 714 1100 de-

254 1146 378 1212 scensas
392 1147 426 1210 in
441 1145 524 1210 recti
542 1147 565 1210 S
581 1145 610 1208 P
631 1142 665 1228 (f)
680 1144 713 1205 in

254 1254 364 1319 eisdem
393 1253 445 1317 illi
479 1253 551 1317 datis
580 1251 710 1326 ratione,

253 1363 446 1448 proindeque
461 1361 562 1424 datur.

299 1473 396 1535 Corol.
409 1480 440 1534 6.
465 1469 499 1535 Si
510 1479 617 1532 centro
630 1467 712 1532 Sin·
736 1479 740 1483 '

254 1579 387 1643 tervallis
423 1575 546 1641 duobus
583 1575 711 1661 quibus·
776 1566 781 1572 ’

253 1709 376 1771 cunque
396 1685 475 1748 datis
497 1682 712 1747 describantur

253 1795 316 1858 duo
327 1795 452 1869 circuli3
468 1805 500 1856 et
514 1791 711 1854 manentibus

251 1903 337 1968 hisce
352 1903 484 1979 circulis,
509 1912 648 1965 mutetur
663 1912 712 1962 ut-

253 2032 375 2095 cunque
392 2007 524 2094 angulus
540 2027 633 2090 quem
648 2005 711 2087 spi-

187 2116 188 2127 *
252 2121 325 2184 ralis
355 2113 503 2182 continet'
521 2138 594 2180 cum
622 2114 711 2178 radio

255 2230 282 2292 P
296 2230 336 2320 Sp:
352 2249 501 2291 numerus
515 2225 743 2291 revolutionum
754 2245 830 2309 quas
846 2245 959 2305 corpus
970 2224 1053 2288 intra
1064 2223 1252 2288 circulorum
1263 2225 1547 2306 circumferentias„

177 2378 179 2382 ι
251 2336 413 2423 pergendo
428 2337 460 2398 in
475 2335 581 2419 spirali
596 2359 614 2398 a
629 2332 875 2398 circumferentiis
891 2333 932 2396 ad
947 2333 1236 2412 circumferentiam,
1249 2338 1407 2421 complere
1422 2351 1533 2423 potest,

253 2485 292 2570 (⁸)
308 2495 356 2548 est
369 2495 404 2546 ut
417 2440 497 2608 ἐξ,
514 2482 578 2545 sive
592 2493 627 2544 ut
642 2492 772 2566 tangens
788 2479 895 2566 anguli
908 2479 990 2542 illius
1006 2501 1098 2564 quem
1112 2480 1233 2565 spiralis
1249 2483 1386 2547 continet
1400 2504 1472 2546 cum
1486 2507 1535 2546 ra-

1165 2630 1237 2695 ΟΡ

111 2740 115 2750 ,
192 2766 198 2771 .
252 2673 305 2737 dio
321 2672 348 2733 P
365 2672 405 2744 ὃς
422 2667 461 2753 (¹¹)
471 2680 594 2752 tempus
605 2667 679 2730 verb
693 2667 921 2731 revolutionum
932 2668 1101 2731 earundem
1115 2679 1150 2731 ut
1166 2696 1246 2797 δὲ,
1262 2669 1295 2732 id
1311 2681 1367 2749 est,
1384 2682 1419 2734 ut
1428 2693 1534 2736 secans

251 2840 357 2927 anguli
372 2838 521 2924 ejusdem,
536 2838 587 2902 vel
601 2838 694 2901 etiam
708 2835 866 2923 reciproce
880 2850 916 2902 ut
929 2837 1024 2923 medii
1039 2838 1182 2902 densitas.

250 3050 360 3111 temporis
366 3048 451 3111 quibua
461 3062 557 3110 corpora
566 3047 614 3095 duo
624 3047 649 3093 in
659 3047 738 3095 medio
748 3062 784 3094 rs·
827 3055 855 3109 1³
909 3046 992 3109 quibus
1002 3056 1078 3107 partes
1088 3046 1134 3093 illae
1144 3063 1215 3109 quam
1225 3048 1329 3095 minima
1344 3048 1370 3095 in
1385 3049 1463 3109 spirali
1474 3050 1533 3097 etin

250 3118 344 3164 sistente
353 3123 377 3160 et
386 3114 413 3159 in
423 3112 506 3160 eodem
515 3128 564 3159 non
571 3112 689 3159 resistente
699 3112 783 3158 descri-
909 3110 971 3157 recti
985 3110 1006 3157 P
1019 3112 1035 3157 S
1045 3112 1175 3173 homologae
1186 3111 1354 3169 describuntur,
1372 3122 1440 3159 enmt
1450 3122 1477 3159 ut
1487 3130 1532 3161 eec-

249 3184 309 3228 bunt
319 3178 418 3239 spatium
430 3177 496 3234 idem,
505 3191 576 3237 quam
591 3176 716 3222 minimum
729 3176 752 3222 R
761 3192 782 3226 v.
908 3174 961 3221 dem
973 3184 1055 3233 panes,
1067 3190 1107 3221 seu
1118 3175 1144 3221 in
1154 3174 1208 3221 dati
1218 3176 1313 3231 ratione,
1326 3176 1531 3237 siquidemveloei-

250 3252 306 3291 sunt
327 3251 354 3289 ut
375 3256 498 3300 corporum
518 3240 649 3286 velocitates
669 3239 784 3298 reciproce
908 3247 943 3285 tas
961 3237 986 3283 in
1002 3238 1079 3297 spirali
1094 3248 1118 3285 et
1132 3240 1159 3284 in
1174 3249 1236 3286 recta
1254 3238 1304 3286 PS
1320 3240 1345 3286 in
1361 3240 1390 3286 iis
1408 3239 1501 3300 punctis
1516 3257 1532 3288 a

251 3308 306 3371 (tt)
322 3305 347 3353 id
357 3314 392 3352 est
402 3315 430 3351 ut
441 3308 473 3368 a!
488 3310 503 3350 2
513 3313 538 3350 et
550 3309 560 3350 t
573 3301 659 3350 directe
670 3308 722 3367 (per
729 3318 782 3360 mo·
907 3296 1189 3363 centroaequidistantibus
1195 3312 1249 3349 sunt
1255 3303 1355 3364 aequales
1362 3303 1531 3363 eidem,nempe

249 3370 280 3426 dd
291 3369 457 3429 demonstrata)
468 3365 573 3429 adeoque
583 3368 608 3413 in
619 3365 674 3412 datia
685 3366 779 3413 ratione.
907 3365 1015 3411 celeritati
1026 3366 1128 3425 corporis
1137 3366 1267 3413 clrcaidem
1275 3376 1381 3413 centrtun
1391 3366 1422 3413 ad
1432 3366 1530 3414 eandem

251 3432 331 3490 Quare
352 3437 405 3497 (per
424 3434 479 3480 Cor.
504 3432 571 3479 Lem.
596 3431 642 3476 IV.
668 3430 721 3477 Lib.
746 3431 781 3490 l.)
907 3428 1039 3475 distantiam
1050 3430 1075 3475 in
1091 3428 1179 3475 circulo
1193 3430 1342 3487 revolventis;
1361 3427 1461 3491 idetique
1477 3432 1530 3493 (per

248 3509 353 3558 tempora
374 3504 423 3543 tota
443 3496 528 3557 quibua
549 3509 644 3553 corpora
660 3494 701 3539 illa
718 3493 782 3540 idem
909 3493 962 3539 Cor.
977 3492 1044 3539 Lem.
1060 3493 1105 3539 tv.
1121 3493 1174 3540 Lib.
1189 3492 1224 3554 Ι.)
1241 3501 1317 3539 totum
1332 3503 1425 3553 tempus
1436 3493 1530 3541 descen·

248 3564 349 3622 spatium
366 3560 463 3622 quodvis
481 3559 503 3606 P
521 3559 545 3605 R
565 3558 704 3609 describunt,
727 3567 781 3603 sunt
906 3555 945 3602 sits
956 3556 980 3601 in
991 3556 1068 3615 spirali
1079 3557 1122 3603 erit
1138 3556 1168 3602 ad
1178 3566 1253 3604 toturn
1265 3566 1356 3618 tempus
1366 3556 1489 3604 descensirs
1503 3558 1529 3605 in

248 3627 319 3673 etiam
334 3626 360 3671 iu
375 3621 458 3671 eisdem
474 3619 529 3669 datia
544 3621 632 3668 ratione
644 3623 676 3680 al
690 3621 744 3667 tad
760 3627 779 3675 1,
827 3642 847 3678 v
905 3620 967 3665 recti
985 3620 1006 3666 P
1019 3620 1035 3666 S
1051 3635 1092 3680 per
1107 3620 1179 3679 spatie
1194 3620 1318 3681 nomologa
1331 3621 1356 3667 in
1373 3621 1425 3668 dati
1436 3619 1476 3668 illd
1492 3636 1527 3668 ra-

248 3705 290 3736 seu
300 3698 328 3736 ut
338 3688 469 3735 velocitates
482 3683 603 3745 reciproce
636 3683 699 3731 cum
709 3684 782 3744 igitur
905 3684 969 3729 tione
976 3682 1127 3745 longitudinis
1133 3699 1216 3743 nempe
1223 3684 1310 3743 spiralis
1318 3684 1348 3731 ad
1356 3685 1527 3747 longitudinem

261 3768 301 3812 per
329 3753 398 3812 Prop.
428 3750 559 3800 XXXVI.
582 3757 606 3795 et
631 3747 777 3794 XXXVII.
908 3746 965 3814 P'S,
977 3762 1018 3793 seu
1028 3747 1054 3793 in
1064 3748 1152 3793 ratione
1165 3747 1223 3797 0,P
1233 3748 1263 3793 ad
1276 3748 1336 3795 OS.

274 3816 280 3827 “
319 3815 355 3876 Ι.)
366 3816 536 3874 detortampus
546 3819 594 3875 quo
604 3827 686 3871 corpus
696 3812 779 3857 inme·
949 3850 960 3880 Β
984 3853 998 3880 3
1114 3814 1165 3859 PS
1195 3849 1223 3867 ,x
1453 3856 1466 3873 ,-
1542 3842 1549 3851 .

248 3879 288 3926 dio
299 3891 346 3925 non
357 3876 586 3926 resistenteoadendo
594 3877 694 3935 spatium
704 3874 779 3937 quod·
832 3908 849 3955 S
937 3850 971 3914 i)
1011 3852 1055 3899 Μ
1070 3860 1098 3897 ¹⁴²
1114 3856 1464 3937 'ffsaevaflvngettaongala
1481 3854 1525 3900 &a

218 3956 221 3958 ’
247 3942 782 4017 libssdesfrlblt,(lablfflf‘luffluelefnfffllu‘l
905 3950 982 4015 (155).
1020 3952 1044 3999 si
1055 3960 1134 3999 autern
1143 3952 1207 3999 sinu
1217 3961 1280 3999 totus
1290 3954 1416 4011 sitl,cum
1426 3954 1525 4009 sitos,

248 4021 331 4067 corpus
346 4020 372 4052 m
387 4006 465 4053 medio
475 4012 594 4080 resistente
605 4013 705 4064 spanum
715 4002 812 4066 quodvis
827 4006 870 4054 da·
904 4016 934 4062 ad
954 4015 975 4061 P
993 4016 1016 4071 S,
1036 4025 1064 4062 ut
1082 4018 1147 4062 alnus
1164 4025 1227 4062 totus
1243 4017 1273 4064 ad
1292 4026 1426 4080 tangentem
1445 4018 1526 4079 anguli

247 4080 299 4117 tum
308 4069 413 4117 cadendo
423 4078 541 4147 percumt'.
576 4134 581 4145 Ι
758 4088 761 4092 ·
812 4133 818 4145 ⁸
904 4078 924 4124 P
937 4080 960 4127 0
974 4078 997 4131 S.
1014 4094 1056 4127 seu
1066 4080 1147 4143 anguli
1158 4078 1252 4141 aqualis
1265 4081 1290 4136 Q
1302 4081 1323 4128 P
1336 4083 1359 4137 S,
1376 4082 1419 4128 erit
1430 4090 1468 4129 tan
1485 4097 1527 4127 ens

270 4135 587 4198 ·(‘¹)Eademeatms1nrala
607 4131 667 4195 (Per
680 4132 732 4179 Cor.
746 4136 869 4195 l.huJus.)
903 4182 909 4193 ,
954 4143 1005 4189 ps
1469 4098 1485 4143 g

279 4200 315 4262 (θ)
327 4201 341 4246 ι
355 4198 444 4258 remis
455 4200 574 4245 saraam
588 4198 680 4243 orat
694 4198 827 4259 osnsr).
901 4182 1024 4270 Mag-g«

279 4264 337 4327 (Ψ
353 4265 405 4308 157.
423 4265 455 4308 Ia
465 4258 694 4319 commutantium.
720 4260 799 4320 Spatia
806 4260 870 4308 enirn

246 4325 405 4373 velocitatibus
420 4324 548 4386 aequalibus
557 4333 582 4370 et
591 4323 746 4369 uniformibus
756 4324 870 4383 descripta
936 4307 973 4372 (¹¹)
988 4311 1002 4338 *
1015 4309 1115 4369 ΤθηῑΡω
1126 4306 1175 4354 ”effi
1186 4309 1352 4357 ”mimum
1359 4312 1525 4357 ‘mmmm

245 4400 301 4437 sunt
316 4401 344 4438 ut
358 4398 463 4448 tempora
477 4387 561 4449 quibus
579 4387 754 4441 describuntun
771 4386 835 4435 unde
850 4388 870 4434 si
907 4374 960 4419 ΟΡ
983 4411 1007 4458 id
1019 4419 1059 4467 est,
1078 4420 1105 4457 ut
1120 4425 1205 4465 mam,
1222 4410 1263 4456 gc·
1299 4410 1344 4457 Est
1355 4410 1417 4457 enim
1433 4418 1526 4470 tempus

180 4443 184 4452 '
245 4456 334 4514 spiratis
351 4454 447 4508 ron
458 4460 482 4498 et
492 4450 554 4497 recta
568 4450 626 4508 rs,
643 4450 722 4511 divas
735 4452 868 4515 snseutgan.
904 4453 922 4497 ο
942 4442 966 4499 s'
997 4503 1000 4507 ,

245 4527 283 4563 tur
295 4521 319 4564 in
331 4527 405 4578 partes
416 4531 486 4580 quam
496 4513 605 4560 minimas
615 4514 669 4560 totis
679 4516 867 4575 proportionales,
900 4512 960 4560 illud
971 4512 1141 4559 revolutionum
1153 4512 1214 4559 inter
1224 4511 1324 4561 circulus
1334 4512 1394 4559 duos
1404 4512 1477 4569 datos,
1494 4512 1526 4557 ad

244 4584 308 4636 quod
324 4584 350 4629 fit
366 4582 424 4629 dum
435 4588 522 4641 puncta
532 4578 672 4626 divisionum
682 4578 707 4623 in
716 4578 794 4639 spirali
804 4587 828 4625 et
843 4579 870 4624 in
901 4585 993 4638 tempus
1009 4576 1131 4625 descensis
1146 4592 1187 4637 per
1201 4588 1289 4637 partem
1300 4576 1377 4623 datam
1388 4586 1457 4622 rectas
1473 4576 1495 4622 P
1507 4576 1526 4621 S

244 4645 309 4691 radio
322 4647 343 4693 P
355 4647 372 4693 S
382 4664 397 4693 a
406 4644 515 4693 centro'S
526 4641 753 4705 aequidistant(t52)
766 4653 871 4703 tempora
902 4640 963 4689 inter
979 4640 1078 4689 circulos
1096 4650 1228 4689 contentam
1247 4648 1275 4688 ut
1292 4639 1415 4703 longitudo
1433 4639 1524 4687 revalu-
