3434 5500
592 392 935 460 Pnrnosornrn
955 395 1229 462 narunrns
1273 397 1384 478 [noa.
1402 377 1558 474 conss,

833 679 1009 745 LEMMA
1031 681 1072 743 V.

261 857 298 920 Si
314 857 476 942 cylindncs,
492 857 610 938 spiram
625 866 655 918 et
669 855 822 937 sploerois,
839 832 961 937 amm
976 854 1152 916 latitudines
1165 863 1234 915 sant
1248 854 1384 935 aquales,
1407 857 1441 916 in
1455 858 1557 918 medio

301 968 418 1030 canalis
441 967 601 1052 cylindrici
620 969 665 1029 ita
685 968 818 1030 locentnr
838 960 994 1028 naccssioi
1013 971 1047 1061 at
1066 984 1165 1025 eornm
1186 985 1258 1026 anes
1279 986 1342 1026 cam
1361 985 1420 1027 one
1432 970 1551 1032 canalis

301 1074 473 1136 coincidunt
486 1101 495 1136 .-
510 1074 573 1136 lncc
584 1073 835 1158 corporaflnanm
846 1093 932 1155 aqua
939 1095 1000 1154 per
1013 1075 1147 1135 canalem
1162 1074 1320 1154 aqualiter
1334 1074 1504 1155 impertierit.

303 1267 340 1352 (f)
357 1267 442 1330 Nam
461 1267 560 1351 spatia
581 1268 663 1330 inter
686 1267 824 1330 canalem
840 1277 872 1330 et
886 1265 1071 1352 cylindrum,
1095 1264 1261 1349 sphaeram,
1285 1275 1316 1327 et
1338 1263 1547 1374 sphaeroivm

257 1397 314 1459 per
329 1397 399 1461 quae
414 1398 494 1462 aqua
509 1375 628 1452 transit,
651 1388 724 1439 sunt
738 1376 887 1462 aequalia:
911 1389 942 1440 et
957 1398 1037 1460 aqua
1051 1397 1109 1458 per
1122 1375 1253 1460 aequalia
1268 1375 1367 1457 spatia
1382 1377 1546 1462 aeqnaliter

257 1495 391 1652 traIilic
406 1590 450 1652 ita
464 1611 497 1654 se
511 1587 628 1652 habent
649 1610 691 1652 ex
710 1587 888 1673 hypothesi,
915 1587 1000 1672 quod
1026 1611 1107 1673 aqua
1127 1586 1228 1650 omnis
1251 1607 1345 1669 supra
1370 1558 1545 1672 cylindrum

256 1696 410 1780 sphaeram
425 1695 474 1760 vel
489 1695 697 1780 sphaeroidem
712 1697 903 1784 congelatur,
927 1697 1014 1781 cujus
1027 1695 1162 1760 fluiditas
1177 1696 1218 1758 ad
1232 1695 1429 1760 celerrimum
1452 1721 1544 1784 aquae

245 1805 418 1870 transitum
432 1821 500 1868 non·
511 1803 688 1890 requiritur,
706 1816 741 1869 ut
755 1805 787 1867 in
805 1801 911 1867 CoroL
929 1810 959 1874 7.
977 1803 1073 1886 Prop.
1091 1802 1259 1866 XXXVI.
1275 1801 1420 1885 explicui.

774 2054 948 2121 LEMMA
971 2056 1029 2120 VI.

253 2227 363 2291 Iisdem
376 2225 497 2308 positis,
515 2209 646 2308 impona
659 2225 811 2308 malleto
831 2226 990 2309 oeqrnliter
1011 2235 1156 2309 argenton
1174 2189 1220 2289 ab,
1231 2225 1315 2310 aquei
1329 2248 1390 2309 per
1405 2231 1537 2292 canalem

826 2333 957 2419 fluente.
1236 2321 1243 2336 ’

297 2501 388 2566 Patet
401 2523 459 2584 per
474 2501 606 2565 Lemma
620 2502 660 2564 V.
675 2514 708 2565 ct
720 2514 822 2566 motus
836 2502 941 2589 legem
955 2500 1087 2565 tertiam.
1132 2501 1225 2586 Aqua
1239 2499 1346 2585 utique
1360 2512 1392 2564 et
1406 2475 1537 2586 corpora

252 2609 286 2673 in
302 2633 335 2674 se
350 2621 458 2674 mutuo
474 2609 634 2694 aequaliter
648 2623 752 2697 agunt

679 2890 685 2898 ’
755 2865 929 2931 LEMMA
952 2868 1030 2932 VII.

247 3036 286 3117 ⁴Si
300 3057 381 3118 aqna
395 3038 526 3119 quiescat
539 3040 574 3100 in
588 3038 700 3113 conati,
722 3046 751 3101 et
764 3039 827 3101 trac
840 3058 967 3119 corpora
983 3039 1017 3098 in
1030 3045 1139 3118 partes
1152 3038 1324 3120 contrarias
1338 3036 1449 3118 aquali
1460 3037 1536 3098 nelo·

303 3147 395 3208 citate
403 3167 463 3228 per
476 3149 610 3209 canalem
613 3146 782 3230 ferantur:
804 3147 934 3228 aquales
948 3153 1041 3207 erunt
1046 3165 1146 3205 eornm
1160 3144 1340 3206 resistentia
1350 3144 1430 3206 inter
1443 3166 1484 3206 se.

294 3310 426 3375 Constat
450 3332 490 3375 cx
515 3311 678 3376 Lemmate
701 3310 871 3396 superiore,
899 3331 974 3373 nam
997 3319 1101 3373 motus
1125 3307 1246 3371 relativi
1276 3306 1372 3370 iidem
1401 3308 1481 3371 inter
1502 3330 1536 3371 se

247 3428 385 3483 manent.

811 3618 967 3705 aroucam.
1044 3686 1051 3698 ,

291 3808 411 3873 Eadem
426 3819 473 3873 est
486 3808 566 3874 ratio
577 3830 743 3895 corporum
754 3812 895 3875 omnium
904 3834 1115 3877 connexorum
1123 3824 1155 3876 et
1165 3812 1383 3889 rotundorum,
1399 3831 1535 3897 quorum

246 3939 322 3983 axes
338 3940 409 3982 curn
424 3941 483 3984 axe
498 3920 613 3984 canalis
629 3920 817 3986 coincidunt
850 3922 1037 3986 Differentia
1050 3922 1155 4007 aliqua
1168 3945 1209 3986 ex
1223 3923 1340 4007 nrajore
1349 3921 1400 3984 vel
1413 3921 1535 3983 minore

244 4027 389 4092 frictione
410 4030 486 4092 orin'
507 4041 626 4113 potcst3
653 4031 708 4094 sed
722 4032 755 4095 in
768 4031 818 4095 his
834 4032 1005 4096 Lemmatis
1020 4054 1153 4116 corpora
1174 4056 1241 4097 esse
1257 4033 1448 4117 politissima
1461 4050 1535 4112 sup·
1647 4111 1656 4128 .

244 4134 402 4218 ponimus,
426 4146 457 4198 et
478 4135 574 4199 medii
595 4138 792 4204 tenacitatem
807 4150 838 4201 et
851 4137 1026 4203 frictionem
1043 4162 1111 4203 esse
1124 4139 1259 4217 nullam,
1285 4153 1316 4203 et
1331 4138 1417 4224 quod
1430 4148 1534 4221 partes

243 4239 342 4316 fluidi,
366 4261 436 4325 qnae
457 4242 592 4307 motibus
609 4243 671 4305 suis
686 4243 820 4329 obliquis
834 4257 866 4309 et
881 4246 1044 4329 superfluis
1064 4246 1186 4311 fluxum
1208 4269 1299 4331 aquae
1314 4268 1372 4330 per
1394 4244 1534 4307 canalem
1628 4276 1636 4289 ·

242 4350 435 4435 perturbare,
460 4350 620 4435 impedire,
646 4363 678 4415 et
697 4352 856 4417 retardare
879 4368 1020 4438 possunt,
1046 4355 1208 4439 quiescant
1222 4356 1304 4417 inter
1326 4377 1359 4417 se
1382 4365 1532 4438 tanquam

241 4456 316 4543 gelu
337 4456 523 4534 constrictae,
551 4469 582 4520 ct
603 4458 785 4543 corporibus
801 4459 841 4536 ad
855 4460 995 4543 ipsorum
1016 4474 1120 4548 partes
1143 4462 1260 4534 anticae
1275 4473 1307 4526 et
1320 4461 1456 4545 posticas
1477 4459 1533 4522 ad-

273 4625 310 4689 (')·
320 4628 334 4657 ·
346 4629 413 4675 Nam
428 4627 501 4689 santia
512 4628 572 4674 inter
580 4630 683 4675 canaam
694 4637 717 4675 et
727 4637 870 4677 transuersas
901 4639 924 4676 et
933 4632 1062 4699 nitraroiar's
1070 4646 1112 4690 per
1122 4648 1175 4692 qna
1182 4648 1244 4695 aqna
1255 4633 1348 4689 transit,
1360 4640 1416 4681 sunt
1423 4630 1529 4695 aqnolu.

240 4691 352 4749 teutanes,
360 4692 654 4741 autaaodtnesonatnas
662 4694 768 4753 cylindri,
776 4695 869 4755 splraera
903 4691 959 4740 vid.
970 4694 1041 4741 schol.
1055 4708 1160 4755 sequens.
