3434 5500
135 433 238 500 trees
255 437 421 520 secuse]
487 437 728 518 rnrncrrm
753 445 1121 514 Mernnunmcn.
1288 418 1394 535 'er
1484 519 1530 538 ,,

132 576 215 682 quem
229 601 371 667 invenire
384 606 529 689 oportuit.
575 607 755 692 (¹³),Exltac
769 613 888 676 ratione
903 613 1078 700 colligenda
1091 627 1138 679 est
1151 614 1313 701 longitudo
1328 618 1401 683 DF

132 725 180 786 per
193 707 364 786 calculum;
387 724 418 775 et
430 712 594 798 longitudo
608 737 679 800 quae
693 717 733 781 sit
747 717 789 781 ad
802 731 991 804 assumptam
1005 721 1232 808 longitudinem
1253 725 1287 788 D
1303 725 1341 802 P,
1365 741 1400 791 ut

129 807 284 896 longitudo
299 815 336 879 D
352 815 379 878 F
396 837 453 899 per
472 819 722 902 experimentum
747 825 873 910 cognita
896 824 937 889 ad
958 825 1184 913 longitudinem
1207 828 1284 892 DF
1305 832 1399 894 modo

129 916 286 999 inventam,
304 923 363 994 erit
377 947 449 988 vera
464 926 625 1013 longitudo
641 928 673 990 D
691 930 728 993 P.
774 930 846 1007 Qut
868 931 1002 1009 inventri,
1026 933 1158 998 habetur
1172 946 1238 997 tum
1252 957 1348 999 curva
1361 937 1399 1009 li-

59 1052 63 1058 ·
129 1045 181 1087 nea
194 1027 227 1090 D
241 1051 257 1090 r
273 1051 293 1092 a
309 1030 337 1093 F
350 1052 442 1115 quarn
458 1054 570 1119 eorpus
585 1035 741 1118 describit,
765 1051 830 1104 tum
846 1041 985 1125 corporis
1006 1041 1152 1108 velocitas
1173 1056 1206 1108 et
1226 1044 1399 1111 resistentie

130 1131 159 1194 in
171 1130 242 1197 locis
254 1135 396 1222 singulis.

680 1395 835 1461 &doliana

167 1589 331 1665 Caeterum‚
356 1587 561 1656 resistentiam
582 1609 748 1680 corporum
767 1621 833 1664 esse
847 1600 880 1665 in
895 1599 1016 1664 ratione
1031 1601 1208 1680 velocitatis,
1237 1606 1281 1689 (†)
1296 1605 1395 1692 hypo-

128 1693 211 1758 thesis
235 1708 284 1760 est
307 1697 407 1782 magis
431 1698 647 1764 mathematica
672 1725 765 1788 quarn
788 1704 947 1768 naturalis.
992 1704 1031 1779 In
1051 1702 1172 1785 mediis,
1200 1731 1270 1793 quae
1290 1711 1396 1797 rigore

37 1811 39 1832 ¹
128 1802 203 1865 omni
215 1813 338 1879 vacant,
361 1801 542 1868 resistentiae
556 1828 722 1891 corporum
737 1813 856 1874 suntin
873 1811 1027 1894 duplicati
1048 1813 1167 1878 ratione
1188 1815 1394 1883 velocitatum.

128 1914 159 1996 (ο)
174 1914 298 1980 Etenim
313 1916 433 1980 actione
448 1919 586 2003 conponis
600 1919 763 1986 velocioris
778 1924 1023 1987 communicetur
1036 1924 1137 1989 eidem
1157 1926 1251 1989 medii
1273 1929 1395 2011 quanti-

37 2033 39 2060 *
127 2027 184 2105 tati,
198 2041 340 2114 tempore
354 2029 484 2108 minore,
499 2043 602 2096 motus
617 2036 716 2120 major
730 2036 763 2098 in
778 2035 898 2099 ratione
912 2035 1036 2119 majoris
1055 2034 1224 2099 velocitatis
1232 2059 1242 2112 3
1263 2036 1396 2122 idedque

125 2146 254 2221 tempore
268 2138 393 2224 aequali,
419 2140 461 2203 ob
474 2142 624 2225 majorem
637 2142 732 2207 medii
754 2144 956 2229 quantitatem
977 2143 1200 2227 perturbatam,
1222 2148 1394 2209 communi-

37 2275 39 2320 t
126 2257 204 2308 catur
223 2256 328 2310 motus
352 2246 387 2308 in
408 2240 564 2332 duplicati
586 2250 706 2315 ratione
727 2253 843 2335 major3
873 2263 982 2336 estque
1004 2251 1177 2324 resistentia
1198 2257 1268 2336 (per
1283 2251 1393 2317 Mutris

126 2439 224 2492 sicentte
234 2441 265 2490 ad
273 2440 477 2506 gravitatemreete
488 2453 605 2506 assumpte
616 2445 662 2494 luit
673 2446 737 2509 (65).
775 2437 785 2454 “
803 2447 842 2512 (†)
861 2451 898 2496 67.
918 2447 957 2494 Ex
976 2461 1046 2506 supra
1066 2412 1225 2494 demonstiatis
1244 2442 1393 2494 deterrm‘mri

37 2513 39 2574 ζ
127 2505 485 2566 theeumsmassumpam
495 2507 560 2555 illam
570 2509 683 2556 rationem
697 2524 738 2556 ex·
770 2521 863 2571 possent
870 2508 1054 2569 motusoorporr‘s
1061 2509 1086 2555 in
1096 2509 1244 2572 medioquod
1251 2507 1392 2570 resistitpar·

38 2956 40 3001 t
125 2949 228 2997 rationem
244 2961 374 2999 accuratum
395 2944 530 3000 resistentiae

125 2577 194 2624 ponat,
205 2582 230 2616 et
240 2571 396 2618 evanescatM
408 2572 433 2619 N
444 2571 484 2619 ubi
497 2573 513 2618 S
526 2573 554 2619 tt
565 2563 593 2618 bt
605 2573 621 2619 S
634 2574 664 2626 X,
676 2581 739 2632 patet
770 2575 813 2621 tim
821 2573 973 2626 uniformiter.
984 2573 1068 2632 partim
1078 2571 1198 2620 iuratione
1205 2572 1338 2619 velocitatis.
1358 2574 1392 2620 Et

124 2630 195 2679 iuboc
204 2648 260 2680 casu
269 2633 391 2680 *rationem
404 2633 538 2681 resistentie
557 2635 587 2682 ad
603 2636 739 2698 graviurtem
770 2637 866 2700 quidem
876 2637 895 2682 ai
906 2651 988 2695 corpus
999 2635 1047 2682 sold
1058 2634 1079 2682 vi
1090 2635 1158 2682 insiti
1169 2635 1195 2682 in
1209 2637 1254 2682 boc
1268 2635 1346 2682 medio
1356 2637 1393 2683 fe·

125 2703 178 2742 recte
188 2695 273 2757 exponi
286 2712 328 2757 per
342 2696 428 2744 lineam
447 2698 463 2745 S
476 2698 509 2745 X.
545 2699 628 2761 ltaque
639 2700 657 2745 si
668 2700 739 2747 innu·
771 2713 843 2759 ratur,
861 2715 914 2761 pera
932 2700 972 2746 illa
989 2699 1123 2746 resistentie
1138 2711 1192 2762 que
1208 2708 1243 2745 est
1261 2698 1391 2757 uniformis,

125 2772 186 2806 merse
195 2761 299 2808 abscissae
312 2762 329 2807 S
341 2762 506 2823 Masaumptae
516 2755 622 2819 luissent,
634 2764 737 2811 atinnu·
770 2774 880 2826 tanquam
902 2764 936 2810 ria
956 2774 1063 2811 constans
1082 2764 1200 2825 gravitatis
1223 2763 1270 2826 qud
1290 2765 1392 2823 corporis

124 2835 186 2869 merae
200 2824 312 2872 ordinate
329 2825 355 2872 N
367 2825 396 2871 M
412 2840 453 2885 per
463 2826 620 2887 experimenta
629 2827 738 2887 deterrui·
770 2828 913 2876 ascendentis
923 2837 1001 2874 moms
1015 2826 1148 2879 retardatum,
1169 2826 1333 2873 consideranda
1348 2837 1390 2882 eat,

124 2896 184 2943 natae,
199 2902 269 2935 curva
284 2902 355 2949 quam
366 2898 479 2947 puuctum
492 2890 516 2935 N
528 2888 639 2999 peggetud
655 2891 738 2950 ungit,
770 2892 834 2939 etin
850 2891 1005 2951 superioribus
1016 2890 1224 2945 construe-tionibus
1233 2904 1276 2951 pro
1291 2890 1393 2963 corporis

602 2954 737 3013 gravitatem
769 2970 872 3011 ascensu,
884 2967 931 3001 non
941 2954 1047 3015 graviter,
1065 2952 1106 2999 sad
1121 2969 1149 2999 ea
1164 2953 1291 3000 resistentia
1301 2954 1390 2999 unifor-

125 3010 276 3061 detenninnret
291 3030 333 3073 per
343 3014 394 3076 ejus
403 3010 590 3063 intersectionem
603 3018 628 3063 X
643 3032 697 3064 cum
708 3018 736 3064 li·
769 3018 814 3065 mis
824 3017 879 3065 data
894 3029 935 3077 per
944 3017 1029 3063 lineam
1043 3018 1066 3064 Δ
1079 3017 1108 3072 C,
1125 3017 1162 3063 vel
1171 3032 1213 3076 per
1228 3016 1391 3078 rectangulum

125 3075 164 3121 neri
179 3078 248 3135 SM3
270 3077 369 3139 idedque
387 3079 407 3125 si
428 3078 504 3128 multa
525 3077 586 3127 liunt
602 3080 736 3138 tentamina,
773 3083 795 3128 A
809 3082 835 3127 H
847 3080 931 3142 exponi
943 3076 1017 3127 debet.
1053 3079 1078 3127 Si
1088 3094 1142 3126 vero
1152 3095 1235 3140 corpus
1245 3080 1269 3126 in
1281 3080 1392 3147 predicto

124 3137 193 3200 sicque
202 3140 269 3201 plura
279 3142 427 3189 obtineantur
436 3152 524 3203 puncto
533 3137 563 3199 bl,
576 3153 599 3191 et
609 3160 650 3203 per
660 3144 737 3191 eadu-
770 3144 848 3191 medio
863 3146 887 3191 ri
902 3144 1018 3206 gravitatis
1033 3144 1103 3190 etiam
1118 3152 1235 3205 urgeatur,
1253 3142 1315 3190 linea
1333 3145 1356 3189 A
1370 3144 1390 3191 C

125 3213 182 3249 cetur
199 3220 268 3251 curva
288 3204 402 3267 regularis
424 3206 450 3253 N
467 3207 492 3252 N
509 3206 536 3253 X
554 3207 585 3260 N,
607 3206 647 3255 illu
667 3224 738 3270 quarn
770 3209 906 3270 gmvimtem
920 3216 944 3255 et
959 3206 1092 3254 resistentie
1102 3216 1189 3266 partem
1206 3205 1347 3253 uniformem
1359 3207 1391 3253 si-

125 3268 219 3323 proxime
238 3277 352 3328 punctum
376 3268 403 3315 X
423 3269 546 3329 quesitum
562 3268 736 3330 detemrinabit5
769 3272 820 3318 mul
827 3273 927 3333 junctas,
938 3271 956 3316 si
968 3284 1051 3330 corpus
1058 3270 1168 3325 ascendit,
1179 3272 1329 3317 etexce'ssum
1336 3284 1391 3330 gra.

124 3331 249 3377 methodum
257 3340 335 3378 sutem
346 3331 446 3379 ducendi
455 3348 550 3379 curvam
556 3335 685 3396 regularem
696 3351 737 3395 per
769 3336 845 3382 vitetis
855 3350 925 3395 supra
934 3349 986 3380 eam
996 3333 1128 3380 resistentie
1143 3342 1231 3392 partem
1242 3333 1390 3390 uniformem,

38 3422 39 3435 r
124 3391 391 3448 pluranunctedetemox
399 3396 424 3441 in
434 3396 614 3445 Scholiosumus
622 3398 734 3447 tradituri.
769 3397 883 3458 sicorpus
898 3397 1021 3452 descendit,
1041 3405 1147 3456 exponet.
1183 3397 1238 3452 Qua
1247 3398 1391 3444 retionecae·

38 3750 40 3787 ὲ
125 3740 218 3791 sistentia
232 3745 261 3792 ad
276 3746 413 3808 gravitatem
430 3756 457 3793 ut
470 3754 479 3794 l
493 3747 523 3795 ad
534 3751 556 3795 5.

152 3455 241 3517 (¹³)*Er
254 3462 297 3506 linc
312 3461 402 3507 ratione
420 3462 541 3520 colligenda
558 3472 597 3516 ert,
615 3463 657 3509 &c-
694 3462 736 3519 sit,
768 3460 823 3508 teris
838 3460 993 3516 manentibus,
1011 3458 1224 3507 detenninnbuntur
1245 3470 1391 3532 motuscor·

125 3519 215 3579 exempli
231 3522 306 3579 causti,
328 3522 388 3569 ratio
411 3524 529 3583 assumpta
549 3525 685 3573 resistentie
706 3526 736 3573 ad
769 3524 830 3585 poris
845 3535 898 3571 tum
914 3524 962 3571 nolti
978 3524 1001 3569 vi
1017 3522 1085 3570 insita
1094 3523 1159 3576 moti,
1178 3531 1230 3569 tum
1241 3524 1263 3567 ri
1274 3524 1391 3584 gravitatis

38 3584 40 3667 l
126 3600 250 3657 gravitatem
268 3608 278 3648 1
298 3602 329 3648 ad
341 3607 378 3658 10,
397 3618 438 3651 seu
457 3604 514 3650 sM
525 3623 559 3651 ξ
575 3594 630 3669 rbt
647 3604 739 3655 imm
770 3600 869 3649 urgente
887 3580 1031 3635 ascendentis
1048 3597 1072 3633 et
1093 3586 1251 3633 descendentis
1269 3585 1294 3631 in
1312 3584 1391 3632 medio

125 3680 489 3731 sutemgtgx=23M=
500 3669 630 3794 Ὶῇμέἱ
647 3683 737 3731 erim·
770 3650 834 3727 guod
852 3651 935 3699 resistit
955 3650 1040 3710 partim
1060 3650 1085 3696 in
1107 3650 1194 3696 ratione
1217 3649 1278 3702 datia,
1306 3649 1391 3707 partim

617 3748 684 3793 xlm
701 3762 738 3793 m·
768 3730 793 3790 {¹¹
810 3715 898 3789 ratione
915 3714 1048 3772 velocitatis,
1069 3724 1122 3762 tum
1136 3714 1206 3760 etiem
1221 3711 1321 3773 corporis
1337 3726 1390 3772 pro-

38 3834 40 3871 ι
125 3803 180 3851 tione
197 3816 218 3853 et
235 3808 352 3867 assumpti
370 3809 517 3872 longitudine
535 3810 593 3858 DP
607 3810 738 3872 colligenda
765 3786 830 3841 μυ·
913 3854 916 3859 ,
1383 3825 1385 3830 “

39 3894 40 3925 3
125 3877 155 3913 est
170 3868 287 3933 longitudo
305 3874 330 3919 D
344 3874 365 3919 F
379 3889 421 3919 seu
436 3874 564 3933 amplitude
577 3874 653 3935 jectirs
665 3876 734 3937 (64);
801 3872 836 3937 (⁰)
853 3876 948 3922 Etenim
958 3875 1052 3931 actione,
1063 3873 1105 3921 dac.
1136 3872 1197 3920 Haec
1204 3881 1284 3934 patent
1293 3887 1334 3933 per
1349 3874 1390 3921 de-

125 3939 146 3974 et
160 3936 263 3992 quonium
281 3936 377 3983 inventi
391 3936 445 3984 vert
460 3938 548 3985 ratione
562 3936 737 3985 resistentirettd
768 3946 896 3985 monstrata
907 3938 953 3998 (8).

39 4004 40 4037 t
125 3994 255 4055 gravitatem,
267 4000 396 4061 trajecton‘a
406 4016 447 4060 per
458 4000 574 4049 calculum
585 4001 621 4049 rel
631 4016 736 4062 percon·
797 4007 838 4049 68.
866 4004 986 4049 mundana
1020 4000 1059 4047 Ex
1085 3999 1213 4061 aquarium
1239 3999 1269 4047 sd
1294 4014 1390 4047 curvam

39 4102 40 4121 Χ
125 4059 262 4109 structionem
278 4064 373 4111 invente
383 4062 464 4111 similis
475 4074 510 4111 est
520 4066 655 4130 traJectorire
664 4078 736 4127 quam
770 4065 881 4117 DraF.
900 4079 970 4126 quatu
987 4065 1040 4122 (57)
1058 4062 1195 4117 invenimus,
1212 4063 1334 4111 deducitur
1344 4066 1390 4111 bu·

126 4133 200 4180 corpus
208 4122 232 4170 in
238 4127 315 4173 medio
325 4127 450 4183 resistente,
462 4127 541 4174 reverti
553 4128 661 4176 describit
672 4127 734 4191 (65),
764 4129 806 4191 jus
815 4143 891 4174 curvae
903 4143 943 4188 per
953 4126 1136 4189 logarithmicam
1151 4128 1206 4173 setis
1221 4127 1315 4189 elegans
1332 4143 1390 4175 con-

39 4200 41 4225 r
127 4182 166 4229 erit
181 4188 303 4245 amplitudo
322 4191 348 4236 D
367 4191 387 4237 F
404 4207 445 4251 per
463 4191 580 4239 calculum
597 4191 689 4238 inventa
705 4190 737 4238 sd
769 4192 870 4245 structio,
888 4191 981 4253 quainsi
992 4200 1047 4237 sunt
1058 4190 1216 4252 Varignoniua
1230 4200 1254 4237 et
1272 4192 1390 4238 Herman-

126 4248 289 4305 amplitudinem
303 4254 328 4301 D
339 4254 359 4301 F
369 4268 410 4313 per
421 4257 604 4315 experimentum
611 4256 736 4317 cognitam,
769 4270 820 4302 nus.
856 4256 917 4301 Eam
933 4254 971 4300 hic
992 4269 1135 4313 exponemus
1155 4254 1259 4300 breviter.
1296 4254 1390 4301 Deinde

126 4317 150 4354 ut
159 4325 266 4375 assumpta
276 4317 401 4380 longitudo
413 4318 438 4364 D
451 4318 472 4365 P
482 4318 513 4365 ad
523 4334 600 4366 veram
610 4318 736 4381 longitudi-
769 4333 823 4365 cum
834 4318 858 4363 in
870 4316 992 4377 arrperimia
1001 4317 1163 4377 propositionis
1172 4318 1299 4365 Corollario
1307 4317 1390 4390 ultimo

127 4384 175 4419 nem
188 4377 209 4423 D
221 4378 241 4425 P
252 4396 293 4439 pro
303 4380 433 4443 trajectoriri
442 4381 467 4427 iu
478 4381 555 4429 modio
566 4381 683 4429 resistente
694 4382 735 4427 de·
768 4392 793 4430 et
809 4380 864 4439 alibi
883 4391 963 4441 postea
980 4380 1129 4428 describenda
1142 4382 1173 4428 sit
1190 4396 1261 4428 curve
1278 4380 1390 4441 regular-rs

128 4436 208 4496 scripit,
242 4443 296 4491 tlte
307 4454 387 4491 autem
397 4444 544 4507 longitudine
555 4444 736 4498 intendente·
768 4460 821 4506 quae
838 4460 881 4506 per
896 4444 950 4491 data
969 4454 1057 4505 puncta
1074 4454 1182 4501 manaem,
1203 4446 1248 4491 hoa
1264 4446 1388 4503 problema,

128 4505 163 4542 lut
173 4504 217 4562 (per
228 4506 281 4554 Cor.
292 4508 327 4563 4,)
339 4518 472 4555 mmcurra
481 4506 543 4556 linea
554 4509 735 4569 Dranurun
767 4508 831 4571 quod
850 4509 980 4555 Newtonus
996 4508 1023 4555 in
1042 4508 1148 4569 Epistola
1162 4507 1193 4555 ad
1210 4508 1389 4581 Oldenburgnm

127 4574 200 4621 eorpus
213 4570 284 4629 reipsa
292 4571 408 4627 describit,
425 4580 477 4617 tum
487 4571 587 4631 corporis
597 4572 705 4620 velocitas
714 4580 738 4619 et
770 4588 832 4620 anno
846 4577 913 4619 1676.
924 4571 979 4618 dart
988 4587 1064 4620 unum
1072 4571 1120 4619 lere
1130 4587 1158 4619 ex
1167 4570 1327 4631 pulcherrimus
1334 4568 1391 4617 drcrt

128 4627 272 4681 tabentium
284 4634 342 4684 locis
352 4634 512 4701 siugulis(per
521 4637 574 4683 Cor.
588 4635 625 4698 5.)
769 4635 833 4699 quod
843 4636 931 4684 solvere
940 4634 1109 4693 &dilueretis
1120 4635 1242 4683 solvemus.
1314 4674 1341 4699 .-
