3434 5500
135 445 250 511 Liaua
262 443 429 520 Saeuum]
460 438 704 533 PRINCIPIA
727 436 1122 502 MATHEMATICA..
1367 444 1430 507 247

135 616 236 703 frigus
251 612 421 679 reducitur.
466 614 646 698 Antequam
660 611 819 687 caderent,
835 607 1102 694 immergebantur
1112 607 1237 691 penitus
1252 608 1284 687 in
1300 630 1446 693 aquam3.

136 746 179 787 ne
199 722 340 807 pondere
360 720 459 806 partis
480 720 611 804 alicujus
632 740 674 782 ex
695 717 776 803 aquai
797 716 932 782 extantis
954 715 1122 779 descensus
1145 736 1254 778 eorum
1270 716 1328 779 sub
1343 717 1431 783 initio

137 832 372 896 acceleraretur.
418 829 461 893 Et
475 829 530 893 ubi
543 827 668 912 penitris
682 826 820 891 immersi
835 824 1045 911 quiescebant,
1059 825 1315 901 ,demittebantur
1337 848 1431 911 quam

138 939 324 1018 cautissime,
340 962 382 1003 ne
396 938 567 1023 impulsum
581 939 717 1024 aliquem
731 962 749 1001 a
763 959 858 1000 manu
873 936 1056 1000 demittente
1071 936 1256 1019 acciperent.
1302 934 1450 1019 Occide-¹¹
1507 955 1509 965 ’

137 1062 213 1112 runt
234 1037 340 1111 autem
362 1044 534 1110 successive
555 1043 751 1128 temporibus
772 1041 1000 1129 oscillationum
1023 1046 1096 1123 474,
1114 1034 1192 1123 484,
1206 1051 1247 1105 50
1262 1054 1293 1105 et
1309 1050 1360 1118 51,
1377 1041 1432 1105 de·

139 1155 310 1219 scribentes
336 1152 533 1217 altitudinem
561 1146 679 1234 pedum
707 1149 886 1235 quindecim
916 1164 947 1213 et
976 1148 1147 1235 digitorum
1176 1148 1320 1211 duorum.
1368 1149 1432 1213 Sed

119 1269 123 1277 '
140 1275 308 1348 tempestas
324 1264 392 1347 jam
406 1260 502 1346 paulb
517 1259 659 1347 frigidior
673 1274 740 1323 erat
754 1258 848 1344 qudm
865 1279 935 1321 cum
951 1258 1039 1345 globi
1058 1258 1322 1341 ponderabantur,
1345 1258 1432 1345 ided-

140 1396 202 1460 que
216 1372 324 1435 iteravi
338 1371 588 1453 experimentum
603 1370 664 1433 alio
679 1369 740 1445 die,
757 1382 789 1432 et
803 1368 889 1455 globi
906 1368 1086 1432 ceciderunt
1100 1368 1293 1453 temporibus
1309 1367 1431 1431 oscilla-

139 1484 261 1547 tionum
276 1490 329 1558 49,
346 1486 418 1563 494,
435 1488 478 1543 50
492 1490 524 1543 et
539 1469 751 1557 5311111110
771 1478 964 1561 temporibus
984 1478 1428 1559 ο51111811111111111494,50,51

140 1603 173 1652 et
187 1597 239 1652 53.
284 1586 511 1683 Experimento
536 1585 652 1669 saepius
675 1597 777 1668 capta,
779 1584 893 1721 globi
921 1584 1102 1649 ceciderunt
1125 1584 1260 1649 maximi
1283 1600 1434 1670 exparte

140 1696 332 1780 temporibus
346 1692 651 1761 oscillationuml
590 1699 651 1775 434
669 1708 701 1757 et
716 1703 767 1758 50.
779 1670 880 1759 ‘Ubi
896 1694 1018 1759 tardius
1031 1691 1182 1773 cecidere,
1191 1692 1349 1814 suspicor
1363 1718 1434 1759 eos·

140 1804 215 1866 deni
228 1802 407 1866 retardatos
419 1800 514 1865 luisse
528 1800 754 1886 impingendo
747 1822 780 1861 111
794 1800 892 1863 latera
906 1800 1001 1863 vasis.

184 1913 257 1977 Jam
272 1923 452 1995 computum
466 1933 524 1995 per
539 1911 693 1974 theoriam
707 1910 855 1987 ineundo,
872 1910 1030 1993 prodeunt
1044 1910 1168 1995 pondus
1182 1913 1294 1999 globi
1286 1936 1317 1977 rn
1333 1936 1432 1977 vacuo

144 2020 228 2100 1394
248 2040 430 2105 granorum.
475 2016 633 2081 Excessus
655 2014 748 2103 hujus
770 2015 918 2099 ponderis
941 2038 1035 2100 supra
1056 2018 1183 2101 pondus
1204 2020 1293 2105 globi
1306 2020 1338 2083 in
1354 2020 1434 2106 aquai

144 2129 248 2210 13244
264 2148 353 2212 gran.
399 2126 562 2190 Diameter
576 2124 662 2211 globi
677 2135 708 2202 0,
722 2123 828 2189 99868
844 2124 908 2212 dig.
955 2125 1038 2190 Octo
1053 2112 1272 2211 18111184181185
1293 2129 1435 2193 diametri
1477 2166 1481 2189 t

141 2242 174 2311 2,
186 2240 291 2297 66315
307 2232 372 2317 dig.
417 2242 560 2325 Spatium
575 2236 639 2299 2F
662 2243 780 2315 2,8066
795 2232 859 2322 dig.
908 2232 1050 2315 Spatium
1065 2232 1149 2317 quod
1164 2234 1277 2319 globus
1289 2235 1434 2319 pondere

142 2354 184 2430 74
209 2365 389 2433 granorum,
415 2358 555 2429 ternpore
578 2339 691 2430 minuti
716 2344 808 2410 unius
834 2344 974 2421 secundi,
1002 2345 1069 2409 sine
1092 2342 1266 2409 resistentisi
1291 2342 1435 2405 cadendo

141 2452 293 2516 describit
308 2461 338 2529 9,
351 2460 457 2516 saraa
472 2439 626 2539 <agdus
639 2466 763 2536 tempus
779 2452 812 2518 G
826 2454 1028 2529 81816818.
1074 2451 1198 2517 Globus
1220 2449 1325 2536 igitur,
1348 2448 1434 2512 velo-

140 2559 236 2624 citate
249 2556 384 2621 maximia
400 2556 533 2644 quiscum
546 2571 651 2643 potest
664 2559 698 2623 in
709 2558 789 2645 aquia
800 2558 831 2623 vi
841 2559 990 2643 ponderis
1002 2561 1043 2647 74
1051 2580 1221 2647 granorum
1233 2556 1434 2635 descendere,

138 2682 284 2752 tempore
305 2670 355 2744 0⁰,
368 2674 495 2736 376843
517 2660 664 2734 describit
685 2668 820 2752 spatium
841 2676 968 2746 &8066
990 2668 1170 2756 digitorum,
1195 2682 1226 2730 et
1241 2681 1381 2750 tempore
1399 2666 1436 2726 l“

135 2775 277 2858 spatium
293 2781 322 2851 7,
335 2781 441 2841 44766
456 2773 636 2861 digitorum,
653 2787 687 2838 et-
698 2777 912 2860 1811001125”
928 2798 983 2840 seu
998 2774 1228 2840 oscillationum
1244 2784 1286 2840 50
1298 2773 1434 2857 spatium

142 2890 314 2958 186,1915
330 2881 397 2968 dig.
441 2881 641 2945 Subducatur
668 2882 803 2965 spatium
828 2891 856 2958 1,
871 2883 1059 2960 986294F,
1085 2906 1139 2946 seu
1165 2891 1192 2959 1,
1205 2891 1290 2946 9454
1316 2880 1437 2966 diget

139 2992 282 3054 manebit
303 2988 438 3075 spatium
463 3000 535 3068 184,
545 2999 627 3056 2461
653 2991 717 3077 dig
688 2990 819 3076 ‹rquod
832 2991 947 3078 globus
962 2991 1073 3055 eodem
1088 3005 1241 3074 ternpore·
1245 2991 1277 3052 in
1292 3011 1365 3052 vase
1388 2988 1435 3052 la·

139 3097 264 3160 tissima
277 3096 442 3161 describet.
489 3095 543 3160 Ob
564 3095 740 3194 angustiam
761 3096 843 3158 vasis
864 3095 973 3173 nostri,
997 3095 1155 3160 minuatur
1170 3095 1231 3158 boc
1246 3095 1380 3178 spatium
1403 3095 1436 3156 in

139 3207 265 3271 ratione
287 3231 359 3294 quae
378 3207 578 3292 componitur
599 3227 640 3269 ex
661 3189 878 3290 subduplicata
900 3205 1020 3268 ratione
1041 3204 1153 3268 orificii
1175 3203 1255 3267 vasis
1271 3203 1311 3266 ad
1327 3225 1436 3267 exces-

141 3337 216 3376 sum
230 3315 321 3400 hujus
343 3314 455 3378 orificii
476 3337 572 3398 supra
593 3313 837 3377 semi-circulum
859 3312 1032 3376 maximum
1053 3312 1149 3400 globi,
1178 3325 1209 3376 et
1231 3312 1362 3396 simplici
1385 3334 1435 3375 ra-

140 3421 231 3486 tione
245 3423 383 3506 ejusdem
395 3421 505 3486 orificii
519 3419 560 3482 ad
575 3441 738 3483 excessum
760 3420 826 3504 ejus
849 3440 945 3503 supra
966 3418 1116 3483 circulum
1137 3420 1310 3484 maximum
1330 3418 1436 3504 globi3

140 3543 178 3594 et
192 3528 356 3591 habebitur
371 3529 505 3611 spatium
522 3535 594 3601 181,
608 3534 649 3590 86
664 3525 844 3612 digitorum,
862 3524 947 3610 quod
957 3525 1070 3611 globus
1084 3526 1117 3588 iu
1132 3526 1193 3590 hoc
1207 3547 1280 3590 vasa
1294 3539 1435 3609 tempore
1553 3592 1557 3600 ,

140 3634 372 3701 oscillationum
389 3644 430 3701 50
445 3632 622 3698 describere
636 3632 744 3696 debuit
757 3655 816 3716 per
829 3632 984 3696 theoriam
995 3629 1246 3717 'quamproxime
1284 3632 1436 3716 Descrip-

142 3744 188 3808 sit
202 3739 275 3804 verb
290 3741 425 3825 spatium
443 3747 503 3804 182
518 3738 688 3826 digitorum
702 3752 845 3823 tempore
864 3737 1093 3802 oscillationum
1108 3742 1170 3820 494
1186 3738 1235 3803 vel
1251 3747 1292 3802 50
1307 3760 1365 3822 per
1379 3760 1435 3802 ex-

140 3850 364 3937 perimentum.

190 3961 304 4040 Erper.
323 3967 353 4022 5.
400 3957 507 4022 Globi
519 3969 653 4043 quatuor
674 3958 814 4041 pondere
832 3958 913 4036 1544
932 3980 1021 4044 gran.
1038 3959 1070 4020 in
1086 3959 1386 4042 111188121481111
1403 3957 1437 4018 in

141 4066 227 4153 aqui
249 4089 333 4152 saepe
355 4068 489 4146 demissi,
513 4068 667 4132 cadebant
687 4081 829 4151 tempore
850 4067 1239 4146 051111811ο1111111284,29,
1257 4068 1319 4146 294
1336 4073 1434 4139 (1130,

140 4185 178 4238 et
193 4195 419 4259 nonnunquam
435 4184 487 4253 31,
504 4183 545 4239 32
561 4188 593 4239 et
609 4185 660 4252 33,
677 4175 888 4239 describentes
903 4174 1099 4238 altitudinem
1120 4171 1238 4256 pedum
1259 4171 1436 4258 quindecim

141 4295 181 4348 et
194 4283 364 4370 digitorum
380 4283 524 4347 duorum.

191 4393 255 4456 Per
287 4377 442 4457 theoriam
473 4394 586 4458 cadere
615 4395 717 4458 debue
701 4406 794 4458 runt
825 4406 966 4478 tempore
996 4391 1126 4456 oscillat
1105 4403 1225 4456 tronum
1255 4399 1296 4456 29
1328 4368 1435 4475 quam·

140 4501 300 4588 proxime.

185 4616 304 4697 Erper.
331 4624 361 4679 6.
408 4614 506 4678 Globi
531 4615 670 4700 quinque
699 4559 840 4696 pondere
871 4611 954 4688 2124
983 4635 1072 4698 gizan
1102 4608 1437 4688 11881881794111

144 4746 224 4819 aqua
264 4737 349 4805 saepe
386 4721 523 4800 demissi,
562 4721 717 4784 cadebant
753 4733 895 4804 tempore
932 4718 1160 4783 oscillationum
1199 4724 1248 4791 15,
1283 4719 1354 4794 154,
1386 4723 1437 4791 16,

766 4831 816 4882 04
